2020 3276
499 182 683 218 mmm
705 182 790 217 Lm.
808 183 869 218 m.
891 183 1002 219 ΤοΜ.
1020 185 1047 218 1.
1068 184 1203 219 nasu.
1222 185 1386 219 Lxxnr.
1637 178 1717 220 129

167 265 324 310 Eloru-
355 276 427 306 ore
459 276 593 306 sermo
627 262 810 306 veritatis
841 263 1041 317 aurei-nur,
1083 271 1126 307 ut
1150 265 1295 307 nullum
1320 265 1354 307 is
1380 266 1545 308 fructum
1576 265 1723 308 sentiat

165 331 234 391 qui
260 332 321 375 eie
349 339 556 390 precatur:
588 333 650 373 Ne
675 332 832 386 auser-as
859 332 1011 373 verbum
1041 337 1212 374 veritatis
1240 350 1290 375 ex
1318 350 1384 375 ore
1412 339 1517 376 meo!

279 398 540 457 Qnendonam
565 414 663 443 vero
681 399 774 443 illud
798 400 966 443 accidit?
1025 398 1125 443 Cum
1154 402 1280 457 legem
1314 403 1502 460 quispiam
1530 410 1719 460 perpetuo
1778 404 1857 460 §32¹9-

165 483 247 513 nou
265 469 477 523 observat,
519 482 607 511 eum
633 467 675 510 in
697 468 902 510 latitudine
928 482 1007 511 non
1029 469 1214 511 ambulat.
1278 469 1431 527 Quippe
1453 472 1629 514 collatari
1652 486 1723 514 cor
1759 451 1878 483 XXX'

164 550 334 582 neem
365 545 428 581 est
460 537 547 580 eius
579 537 645 593 qui
673 536 979 580 inambulantem
1007 534 1210 580 Christum
1240 538 1418 595 recipere
1447 540 1566 593 velit,
1613 541 1725 583 cuius

165 605 332 664 gloriam
364 620 443 649 nou
476 605 679 658 homines,
722 606 792 648 sed
827 605 929 648 coeli
960 606 1205 662 praedicant.
1279 611 1387 649 Coeli
1415 612 1511 649 enim
1543 617 1726 650 enarrant
1736 627 1847 656 Pam,
1859 628 1930 663 ιεῃ,

161 677 332 730 glor-fin
353 678 441 726 dei,
471 674 535 718 vel
563 674 731 731 ipsemet
754 675 882 731 potius
907 683 1020 731 pater
1043 676 1200 728 dicens,
1243 678 1317 717 Hic
1337 685 1394 717 est
1408 679 1525 730 filans
1545 693 1648 718 meus
1668 680 1725 718 da·-
1736 695 1929 732 muham,

167 745 308 794 mens,
355 747 396 785 in
428 758 501 798 quo
530 745 625 784 milti
649 745 795 797 placui.
869 740 998 798 Quem
1031 745 1185 800 quidem
1220 745 1397 787 confiteri
1431 759 1547 787 nemo
1581 753 1725 802 potest,

165 812 232 870 qni
252 815 293 854 fn
311 813 470 854 subhinc
486 814 666 866 loquatur
690 815 923 866 iniqm‘mtem
943 815 996 853 ad
1009 816 1224 866 pro-minum
1245 829 1354 855 suum
1366 845 1377 865 ‚
1411 813 1444 855 si
1468 814 1506 855 in
1531 815 1718 856 antichri-
1734 834 1930 868 mam-120,

137 908 141 915 ·
164 886 317 924 mrum
339 880 444 924 illum
470 887 625 923 coetum
649 879 1026 937 appellationemque
1050 881 1242 938 pelliciat,
1275 897 1298 924 a
1322 879 1636 925 Christianorum
1663 897 1727 925 or-

167 948 260 992 dine
281 956 324 992 et
339 949 599 1007 appellatione
622 949 860 1002 distractus;
905 950 952 992 de
976 950 1115 1006 quibus
1146 951 1333 1007 scriptum
1360 957 1446 1003 est,
1491 954 1621 992 Nolite
1642 960 1725 992 tan·
1760 967 1873 1009 maim:

164 1027 262 1072 Μ
281 1020 454 1060 Chr-mos
474 1033 588 1059 meos.
651 1020 744 1070 Quis
766 1021 863 1059 enim
885 1026 963 1068 est,
1011 1019 1161 1075 inquit,
1205 1023 1387 1070 mendax,
1429 1023 1511 1061 nisi
1527 1024 1727 1074 quinegat
1758 1004 1896 1065 1¹⁴i³sal51i.

168 1089 292 1129 Iesum
314 1101 396 1128 esse
423 1088 646 1128 Clara-zeum?
701 1089 775 1127 Hie
798 1095 877 1136 est,
925 1087 1074 1143 inquit,
1115 1091 1394 1130 Anubhmstus.
1456 1091 1555 1130 Nam
1579 1092 1727 1142 quine·
1760 1072 1789 1107 ²'
1808 1072 1852 1099 ἀ’

167 1156 406 1210 gutffiun,
437 1169 556 1209 neque
583 1162 730 1208 patrem
754 1156 887 1204 habet,
920 1164 960 1196 et
979 1159 1049 1210 qui
1051 1158 1184 1210 filium
1206 1159 1433 1211 confitetur,
1475 1172 1550 1198 una
1572 1159 1727 1211 confite-

172 1230 238 1266 tur
256 1231 297 1265 et
309 1231 473 1278 patr-em.
530 1226 640 1275 Quod
658 1227 801 1277 igitur,
835 1222 984 1280 inquit,
1015 1226 1063 1266 ab
1086 1228 1194 1266 im'tto
1217 1229 1393 1275 audistis,
1427 1234 1578 1267 maneat
1596 1228 1667 1266 Ιιοι·
1688 1229 1726 1267 ia

170 1293 298 1334 moth.-
328 1299 367 1333 et
383 1295 424 1333 si
439 1300 607 1341 maneat,
642 1291 791 1347 inquit,
823 1296 863 1333 in
881 1294 984 1334 vobis
1003 1296 1104 1348 quod
1123 1295 1172 1335 ab
1196 1298 1305 1335 initio
1327 1297 1510 1344 audistis,
1543 1303 1585 1335 et
1601 1310 1665 1336 vos
1688 1298 1727 1335 in

161 1361 258 1415 fili·
276 1361 476 1403 ambitis
496 1368 536 1401 et
554 1364 594 1402 in
611 1369 738 1415 patre.
801 1359 923 1417 Atqui
950 1369 1029 1403 tum
1064 1363 1218 1404 demum
1248 1363 1516 1415 manebimus,
1549 1378 1636 1406 cum
1662 1377 1728 1405 co-

170 1442 255 1472 rnu
277 1428 352 1472 deo
375 1435 416 1471 et
436 1428 574 1471 electis
598 1429 765 1485 angelis,
796 1430 866 1472 sed
886 1436 927 1472 et
947 1445 1079 1473 coram
1104 1431 1343 1488 principibus
1365 1432 1452 1474 siue
1477 1432 1555 1474 ullo
1578 1432 1725 1488 pudore

170 1497 460 1541 mfitebimur.
521 1499 722 1552 Loquebar
740 1502 858 1548 ειιίηι,
892 1499 1033 1555 inquit,
1066 1503 1112 1541 de
1130 1503 1350 1541 testimoniis
1371 1505 1447 1541 tuis
1464 1503 1503 1540 in
1523 1508 1723 1553 conspectu
1767 1520 1882 1549 pm„-

171 1580 325 1621 regm,
372 1574 411 1608 et
430 1581 505 1608 non
533 1568 804 1621 confundebar.
871 1566 916 1610 Si
941 1568 1014 1610 hoc
1040 1569 1255 1621 fateamur,
1296 1568 1477 1625 inquam,
1520 1568 1582 1610 dei
1612 1569 1729 1610 filium
1768 1557 1829 1591 ω’
1847 1557 1889 1583 ⁴⁶·

173 1634 288 1679 hum
309 1648 400 1678 esse
424 1635 472 1677 de
495 1635 568 1677 deo
583 1667 595 1688 ‚
627 1650 745 1678 unum
768 1650 822 1678 ex
844 1651 939 1688 uno,
972 1636 1216 1692 unigenitum
1240 1651 1290 1679 ex
1312 1638 1512 1693 ingenito,
1545 1636 1731 1679 eximiam

173 1703 367 1760 quendem
401 1703 629 1759 generantis
660 1704 864 1758 sobolem,
906 1705 1140 1761 dignumque
1171 1706 1343 1748 carentis
1380 1705 1570 1763 principio
1592 1705 1728 1758 filium,

173 1771 384 1815 ineffabilis
418 1772 653 1815 ineffabilem
684 1773 965 1830 interpretem,
1010 1774 1173 1816 verbum
1209 1774 1438 1830 sapientiam
1474 1788 1521 1815 ac
1545 1773 1730 1816 virtutem

173 1839 261 1884 eins
281 1840 347 1898 qni
369 1841 598 1897 sapientiam
620 1855 667 1884 ac
689 1841 873 1884 virtutem
897 1857 1052 1884 omnem
1076 1843 1258 1895 excellit,
1291 1857 1408 1900 supra
1431 1843 1468 1885 id
1491 1856 1607 1884 omne
1629 1842 1731 1898 quod

174 1909 241 1953 vel
262 1909 394 1967 eloqui
415 1910 572 1966 lingua,
601 1910 665 1952 vel
687 1910 839 1966 agitare
863 1911 1005 1953 mentis
1029 1911 1288 1967 intelligentia
1311 1919 1464 1968 potest,
1497 1912 1727 1968 perfectam,

173 1977 359 2036 inquam,
389 1978 590 2031 sobolem,
634 1986 675 2020 et
697 1979 877 2021 stabilem
905 1993 958 2021 ex
984 1981 1186 2036 perfecto,
1229 1987 1270 2022 et
1291 1980 1329 2022 in
1353 1981 1491 2022 eodem
1514 1987 1617 2022 statu
1643 1993 1731 2035 per-

174 2053 382 2101 manente,
423 2061 523 2103 quae
549 2046 703 2103 quidem
730 2048 888 2090 soboles
913 2062 1041 2105 neque
1071 2063 1094 2090 a
1121 2056 1231 2106 patre
1259 2049 1470 2106 profluxit,
1517 2062 1590 2091 nec
1612 2061 1730 2090 exse-

175 2122 240 2160 eu
259 2122 345 2169 est,
377 2115 441 2159 vel
463 2115 659 2158 divisione
685 2124 898 2173 propagata
913 2149 925 2170 ,
958 2118 1028 2160 sed
1051 2118 1149 2160 citra
1178 2118 1399 2175 passionem
1427 2118 1659 2173 integreque
1683 2116 1732 2158 ab

177 2197 227 2228 eo
247 2183 443 2243 processit
471 2184 537 2240 qui
562 2184 657 2226 nihil
679 2198 814 2227 eorum
839 2184 978 2241 quibus
1002 2187 1202 2243 praeditus
1236 2193 1345 2229 esset
1369 2186 1562 2228 amiserit.
1626 2185 1730 2227 'Fum

176 2253 344 2297 eundem
366 2253 473 2296 illum
496 2252 616 2295 lilium
647 2252 809 2295 verbnm
835 2267 926 2296 esse
950 2254 1126 2311 dicique,
1169 2269 1247 2297 non
1269 2269 1408 2298 vocem
1430 2261 1496 2296 aut
1522 2254 1732 2295 dictionem

177 2322 327 2381 petuis,
367 2321 566 2377 intelligit.
639 2319 840 2377 Siquidem
875 2335 946 2377 per
978 2336 1023 2365 se
1058 2323 1123 2365 ille
1153 2323 1333 2365 subsistit
1365 2330 1405 2364 et
1436 2322 1541 2378 agit,
1585 2336 1632 2363 ac
1663 2335 1734 2375 per·
1753 2332 1819 2362 σοι.
1839 2333 1866 2367 ι,
1887 2333 1927 2361 is.

176 2394 298 2446 {pem
318 2394 464 2440 omnio,
507 2398 547 2431 et
569 2393 608 2431 in
631 2393 711 2443 Ipso
728 2397 822 2431 sunt
840 2394 976 2431 omniu.
1042 2390 1377 2446 Quemadmodum
1404 2392 1457 2432 ita
1486 2390 1551 2431 ille
1577 2390 1733 2446 sapien·

180 2458 235 2502 tie
253 2465 376 2502 estut
395 2458 517 2516 patris
538 2457 745 2514 cogitatio,
790 2458 854 2500 vel
878 2458 998 2501 motio
1022 2459 1191 2511 mentis,
1233 2459 1388 2502 actiove
1411 2458 1568 2501 niinime
1591 2458 1642 2499 sit
1666 2471 1734 2513 pu-

180 2527 344 2581 undu,
386 2527 456 2570 sed
478 2526 619 2570 similis
649 2525 771 2583 patris
802 2526 983 2579 soboles,
1026 2534 1066 2570 et
1090 2535 1311 2570 accuratam
1338 2528 1376 2569 in
1399 2540 1489 2569 sese
1513 2525 1634 2582 patris
1655 2526 1735 2567 effi-

178 2594 284 2652 giem
316 2595 559 2653 esprimens.
633 2593 738 2638 Nam
781 2594 883 2637 bunc
917 2595 1012 2637 deus
1042 2602 1153 2652 pater
1185 2596 1314 2652 sigillo
1348 2594 1456 2636 velut
1493 2592 1730 2649 obsignavit.

179 2661 322 2721 Neque
356 2662 416 2706 sie
439 2663 579 2706 existit
601 2663 639 2706 in
664 2663 790 2706 altero
813 2670 854 2705 ut
883 2676 953 2719 per
977 2676 1068 2706 sese
1094 2663 1252 2706 minime
1278 2662 1483 2705 subsistat.
1547 2659 1627 2704 Sed
1655 2662 1736 2704 effi·

181 2744 259 2775 eux
280 2731 432 2788 quidam
456 2732 523 2775 ille
546 2733 675 2774 foetus
696 2739 772 2785 est,
805 2730 870 2788 qui
892 2738 1014 2773 totum
1038 2731 1111 2774 boc
1134 2731 1384 2782 universum,
1419 2729 1521 2786 quod
1545 2729 1732 2781 condidit,

182 2806 372 2858 perpetuo
397 2807 624 2843 conservat.
687 2799 796 2843 Haec
817 2799 956 2841 idonea
979 2806 1071 2842 sunt
1089 2808 1132 2842 ut
1157 2814 1229 2842 nos
1250 2807 1290 2841 et
1312 2814 1335 2841 a
1358 2798 1601 2841 Graecorum
1624 2811 1735 2839 erro-

182 2880 244 2920 re,
267 2875 309 2911 et
325 2882 350 2911 a
371 2866 603 2912 ludaeorum
624 2868 921 2925 superstitione,
947 2874 987 2910 et
1006 2866 1054 2910 ab
1072 2866 1358 2911 baereticorum
1379 2865 1531 2910 nefaria
1551 2866 1736 2924 opinione

185 2935 400 2980 vindicent.

185 3025 264 3059 nus,
298 3019 326 3051 et
354 3017 405 3051 ed.
433 3017 542 3051 Petov.
598 3011 838 3062 ὅμολογήσειεν
871 3016 937 3051 cod.
1030 3015 1061 3049 5.
1085 3013 1144 3050 καὶ
1163 3026 1224 3049 om.
1246 3018 1279 3049 in
1296 3016 1369 3049 edit.
1390 3016 1498 3051 Petuv.
1521 3016 1625 3048 Coton.
1646 3016 1741 3055 repet.

185 3061 246 3095 len.
271 3064 300 3096 et
321 3062 368 3095 ed.
391 3063 490 3103 mne.

253 3114 371 3153 Corpus
390 3114 572 3146 Eumel-
591 3115 630 3145 n.
648 3116 677 3145 ⁸.
1431 3119 1458 3161 9
