<?xml version="1.0" encoding="UTF-8"?>
<!DOCTYPE html PUBLIC "-//W3C//DTD XHTML 1.0 Transitional//EN"
    "http://www.w3.org/TR/xhtml1/DTD/xhtml1-transitional.dtd">
<html xmlns="http://www.w3.org/1999/xhtml" xml:lang="en" lang="en">
 <head>
  <title>
</title>
<meta http-equiv="Content-Type" content="text/html;charset=utf-8" />
  <meta name='ocr-system' content='tesseract 3.04.00' />
  <meta name='ocr-capabilities' content='ocr_page ocr_carea ocr_par ocr_line ocrx_word'/>
</head>
<body>
  <div class='ocr_page' id='page_1' title='image "./corporishaereseo23epip_0089.png"; bbox 0 0 1976 3262; ppageno 0'>
   <div class='ocr_carea' id='block_1_1' title="bbox 432 199 1645 243">
    <p class='ocr_par' dir='ltr' id='par_1_1' title="bbox 432 199 1645 243">
     <span class='ocr_line' id='line_1_1' title="bbox 432 199 1645 243; baseline -0.002 -1"><span class='ocrx_word' id='word_1_1' title='bbox 432 207 616 242; x_wconf 70' lang='lat' dir='ltr'>rmaatt</span> <span class='ocrx_word' id='word_1_2' title='bbox 639 206 724 242; x_wconf 78' lang='lat' dir='ltr'>uu.</span> <span class='ocrx_word' id='word_1_3' title='bbox 740 207 800 241; x_wconf 83' lang='lat' dir='ltr'>nt.</span> <span class='ocrx_word' id='word_1_4' title='bbox 822 207 932 242; x_wconf 78' lang='grc' dir='ltr'><strong>ΤοΜ.</strong></span> <span class='ocrx_word' id='word_1_5' title='bbox 951 209 977 243; x_wconf 87' lang='grc' dir='ltr'>ι.</span> <span class='ocrx_word' id='word_1_6' title='bbox 1001 208 1132 242; x_wconf 70' lang='lat' dir='ltr'>nana.</span> <span class='ocrx_word' id='word_1_7' title='bbox 1153 208 1314 242; x_wconf 82' lang='lat' dir='ltr'>Lxxm.</span> <span class='ocrx_word' id='word_1_8' title='bbox 1591 199 1645 240; x_wconf 81' lang='lat'>77</span> 
     </span>
    </p>
   </div>
   <div class='ocr_carea' id='block_1_2' title="bbox 0 286 1827 2812">
    <p class='ocr_par' dir='ltr' id='par_1_2' title="bbox 97 286 1645 415">
     <span class='ocr_line' id='line_1_2' title="bbox 97 286 1644 344; baseline -0.003 -12"><span class='ocrx_word' id='word_1_9' title='bbox 97 295 143 333; x_wconf 61' lang='lat' dir='ltr'>d</span> <span class='ocrx_word' id='word_1_10' title='bbox 167 286 351 331; x_wconf 51' lang='lat' dir='ltr'>metm</span> <span class='ocrx_word' id='word_1_11' title='bbox 385 288 606 344; x_wconf 72' lang='lat' dir='ltr'>segregatis</span> <span class='ocrx_word' id='word_1_12' title='bbox 637 287 799 343; x_wconf 87' lang='lat' dir='ltr'>reliquis</span> <span class='ocrx_word' id='word_1_13' title='bbox 834 287 987 329; x_wconf 87' lang='lat' dir='ltr'>unicam</span> <span class='ocrx_word' id='word_1_14' title='bbox 1025 289 1128 330; x_wconf 89' lang='lat' dir='ltr'>illam</span> <span class='ocrx_word' id='word_1_15' title='bbox 1172 289 1371 330; x_wconf 88' lang='lat' dir='ltr'>notionem</span> <span class='ocrx_word' id='word_1_16' title='bbox 1412 287 1644 342; x_wconf 71' lang='lat' dir='ltr'>deligamus,</span> 
     </span>
     <span class='ocr_line' id='line_1_3' title="bbox 97 355 1645 415; baseline -0.003 -16"><span class='ocrx_word' id='word_1_17' title='bbox 97 370 177 415; x_wconf 57' lang='lat' dir='ltr'>ps</span> <span class='ocrx_word' id='word_1_18' title='bbox 198 370 223 399; x_wconf 81' lang='lat' dir='ltr'>a</span> <span class='ocrx_word' id='word_1_19' title='bbox 246 356 443 414; x_wconf 78' lang='lat' dir='ltr'>passionis</span> <span class='ocrx_word' id='word_1_20' title='bbox 466 363 631 413; x_wconf 82' lang='lat' dir='ltr'>experte</span> <span class='ocrx_word' id='word_1_21' title='bbox 653 358 908 413; x_wconf 73' lang='lat' dir='ltr'>perlectoque</span> <span class='ocrx_word' id='word_1_22' title='bbox 935 370 981 397; x_wconf 90' lang='lat' dir='ltr'>ac</span> <span class='ocrx_word' id='word_1_23' title='bbox 1004 357 1132 398; x_wconf 84' lang='lat' dir='ltr'>stabili</span> <span class='ocrx_word' id='word_1_24' title='bbox 1158 365 1363 407; x_wconf 78' lang='lat' dir='ltr'>creatore,</span> <span class='ocrx_word' id='word_1_25' title='bbox 1394 363 1435 398; x_wconf 90' lang='lat' dir='ltr'>et</span> <span class='ocrx_word' id='word_1_26' title='bbox 1455 355 1645 398; x_wconf 80' lang='lat' dir='ltr'>eiusmodi</span> 
     </span>
    </p>

    <p class='ocr_par' dir='ltr' id='par_1_3' title="bbox 15 422 1648 687">
     <span class='ocr_line' id='line_1_4' title="bbox 15 422 1646 482; baseline -0.002 -13"><span class='ocrx_word' id='word_1_27' title='bbox 15 446 18 450; x_wconf 52' lang='grc'>’</span> <span class='ocrx_word' id='word_1_28' title='bbox 97 424 291 482; x_wconf 54' lang='lat' dir='ltr'>utque,</span> <span class='ocrx_word' id='word_1_29' title='bbox 329 424 547 468; x_wconf 75' lang='lat' dir='ltr'>cuiusmodi</span> <span class='ocrx_word' id='word_1_30' title='bbox 568 422 788 467; x_wconf 81' lang='lat' dir='ltr'>creaturam</span> <span class='ocrx_word' id='word_1_31' title='bbox 809 437 900 465; x_wconf 85' lang='lat' dir='ltr'>esse</span> <span class='ocrx_word' id='word_1_32' title='bbox 921 423 1068 476; x_wconf 83' lang='lat' dir='ltr'>voluit,</span> <span class='ocrx_word' id='word_1_33' title='bbox 1112 425 1328 467; x_wconf 70' lang='lat' dir='ltr'>derivatam</span> <span class='ocrx_word' id='word_1_34' title='bbox 1348 425 1451 467; x_wconf 85' lang='lat' dir='ltr'>illam</span> <span class='ocrx_word' id='word_1_35' title='bbox 1475 424 1646 480; x_wconf 81' lang='lat' dir='ltr'>coneipi-</span> 
     </span>
     <span class='ocr_line' id='line_1_5' title="bbox 92 491 1647 548; baseline 0.001 -16"><span class='ocrx_word' id='word_1_36' title='bbox 92 507 213 547; x_wconf 58' lang='grc'>.“,</span> <span class='ocrx_word' id='word_1_37' title='bbox 239 499 548 536; x_wconf 74' lang='lat' dir='ltr'>cousentaneum</span> <span class='ocrx_word' id='word_1_38' title='bbox 568 500 631 534; x_wconf 88' lang='lat' dir='ltr'>est</span> <span class='ocrx_word' id='word_1_39' title='bbox 651 499 694 535; x_wconf 97' lang='grc' dir='ltr'>ιιι</span> <span class='ocrx_word' id='word_1_40' title='bbox 713 507 764 534; x_wconf 78' lang='lat' dir='ltr'>ex</span> <span class='ocrx_word' id='word_1_41' title='bbox 788 491 910 548; x_wconf 86' lang='lat' dir='ltr'>patris</span> <span class='ocrx_word' id='word_1_42' title='bbox 934 492 1081 548; x_wconf 82' lang='lat' dir='ltr'>filiique</span> <span class='ocrx_word' id='word_1_43' title='bbox 1106 494 1292 545; x_wconf 80' lang='lat' dir='ltr'>vocibus,</span> <span class='ocrx_word' id='word_1_44' title='bbox 1336 493 1647 548; x_wconf 82' lang='lat' dir='ltr'>quandoquidem</span> 
     </span>
     <span class='ocr_line' id='line_1_6' title="bbox 97 560 1648 620; baseline -0.001 -14"><span class='ocrx_word' id='word_1_45' title='bbox 97 560 145 607; x_wconf 68' lang='lat' dir='ltr'>b·</span> <span class='ocrx_word' id='word_1_46' title='bbox 163 568 315 620; x_wconf 73' lang='lat' dir='ltr'>pstren</span> <span class='ocrx_word' id='word_1_47' title='bbox 341 575 389 604; x_wconf 82' lang='lat' dir='ltr'>ao</span> <span class='ocrx_word' id='word_1_48' title='bbox 421 561 541 604; x_wconf 78' lang='lat' dir='ltr'>lilium</span> <span class='ocrx_word' id='word_1_49' title='bbox 565 562 733 603; x_wconf 87' lang='lat' dir='ltr'>credere</span> <span class='ocrx_word' id='word_1_50' title='bbox 753 561 960 617; x_wconf 85' lang='lat' dir='ltr'>praecipue</span> <span class='ocrx_word' id='word_1_51' title='bbox 990 560 1227 612; x_wconf 82' lang='lat' dir='ltr'>dedicimus,</span> <span class='ocrx_word' id='word_1_52' title='bbox 1271 563 1459 614; x_wconf 88' lang='lat' dir='ltr'>eandem,</span> <span class='ocrx_word' id='word_1_53' title='bbox 1503 570 1543 604; x_wconf 91' lang='lat' dir='ltr'>ut</span> <span class='ocrx_word' id='word_1_54' title='bbox 1563 561 1648 618; x_wconf 85' lang='lat' dir='ltr'>pios</span> 
     </span>
     <span class='ocr_line' id='line_1_7' title="bbox 96 629 1030 687; baseline -0.004 -13"><span class='ocrx_word' id='word_1_55' title='bbox 96 642 154 674; x_wconf 58' lang='grc' dir='ltr'><em>η</em></span> <span class='ocrx_word' id='word_1_56' title='bbox 172 629 385 687; x_wconf 70' lang='lat' dir='ltr'>religiosos</span> <span class='ocrx_word' id='word_1_57' title='bbox 413 630 551 681; x_wconf 88' lang='lat' dir='ltr'>decet,</span> <span class='ocrx_word' id='word_1_58' title='bbox 584 630 759 671; x_wconf 88' lang='lat' dir='ltr'>notitiam</span> <span class='ocrx_word' id='word_1_59' title='bbox 791 629 1030 671; x_wconf 73' lang='lat' dir='ltr'><strong>hauriamus.</strong></span> 
     </span>
    </p>

    <p class='ocr_par' dir='ltr' id='par_1_4' title="bbox 95 696 1827 893">
     <span class='ocr_line' id='line_1_8' title="bbox 208 696 1827 755; baseline -0.002 -14.133"><span class='ocrx_word' id='word_1_60' title='bbox 208 696 478 755; x_wconf 69' lang='lat' dir='ltr'>Quamobrem</span> <span class='ocrx_word' id='word_1_61' title='bbox 499 698 534 740; x_wconf 85' lang='lat' dir='ltr'>si</span> <span class='ocrx_word' id='word_1_62' title='bbox 560 698 599 740; x_wconf 89' lang='lat' dir='ltr'>in</span> <span class='ocrx_word' id='word_1_63' title='bbox 624 711 670 740; x_wconf 88' lang='lat' dir='ltr'>re</span> <span class='ocrx_word' id='word_1_64' title='bbox 690 699 887 755; x_wconf 83' lang='lat' dir='ltr'>proposita</span> <span class='ocrx_word' id='word_1_65' title='bbox 906 698 945 739; x_wconf 93' lang='lat' dir='ltr'>in</span> <span class='ocrx_word' id='word_1_66' title='bbox 970 705 1080 754; x_wconf 87' lang='lat' dir='ltr'>patre</span> <span class='ocrx_word' id='word_1_67' title='bbox 1104 697 1373 739; x_wconf 75' lang='lat' dir='ltr'>discernamus</span> <span class='ocrx_word' id='word_1_68' title='bbox 1396 698 1432 740; x_wconf 90' lang='lat' dir='ltr'>id</span> <span class='ocrx_word' id='word_1_69' title='bbox 1455 698 1556 753; x_wconf 86' lang='lat' dir='ltr'>quod</span> <span class='ocrx_word' id='word_1_70' title='bbox 1580 699 1648 740; x_wconf 88' lang='lat' dir='ltr'>ad·</span> <span class='ocrx_word' id='word_1_71' title='bbox 1668 704 1747 750; x_wconf 76' lang='lat' dir='ltr'>Cap.</span> <span class='ocrx_word' id='word_1_72' title='bbox 1772 705 1827 738; x_wconf 89' lang='lat' dir='ltr'>tv.</span> 
     </span>
     <span class='ocr_line' id='line_1_9' title="bbox 95 764 1648 823; baseline -0.001 -13"><span class='ocrx_word' id='word_1_73' title='bbox 95 764 265 811; x_wconf 65' lang='lat' dir='ltr'>berete</span> <span class='ocrx_word' id='word_1_74' title='bbox 292 767 420 819; x_wconf 80' lang='lat' dir='ltr'>solet,</span> <span class='ocrx_word' id='word_1_75' title='bbox 461 773 506 808; x_wconf 82' lang='lat' dir='ltr'>ut</span> <span class='ocrx_word' id='word_1_76' title='bbox 527 781 614 809; x_wconf 89' lang='lat' dir='ltr'>cum</span> <span class='ocrx_word' id='word_1_77' title='bbox 646 767 810 822; x_wconf 88' lang='lat' dir='ltr'>quadam</span> <span class='ocrx_word' id='word_1_78' title='bbox 831 765 1040 808; x_wconf 76' lang='lat' dir='ltr'>affectione</span> <span class='ocrx_word' id='word_1_79' title='bbox 1065 766 1334 822; x_wconf 85' lang='lat' dir='ltr'>profluvioque</span> <span class='ocrx_word' id='word_1_80' title='bbox 1358 767 1426 808; x_wconf 79' lang='lat' dir='ltr'>mii</span> <span class='ocrx_word' id='word_1_81' title='bbox 1454 774 1567 823; x_wconf 88' lang='lat' dir='ltr'>pater</span> <span class='ocrx_word' id='word_1_82' title='bbox 1589 766 1648 808; x_wconf 88' lang='lat' dir='ltr'>iu-</span> 
     </span>
     <span class='ocr_line' id='line_1_10' title="bbox 97 835 1644 893; baseline -0.003 -13"><span class='ocrx_word' id='word_1_83' title='bbox 97 835 321 893; x_wconf 54' lang='lat' dir='ltr'>“gil-r,</span> <span class='ocrx_word' id='word_1_84' title='bbox 361 842 404 878; x_wconf 79' lang='lat' dir='ltr'>et</span> <span class='ocrx_word' id='word_1_85' title='bbox 434 835 556 878; x_wconf 80' lang='lat' dir='ltr'>fitium</span> <span class='ocrx_word' id='word_1_86' title='bbox 586 835 694 877; x_wconf 85' lang='lat' dir='ltr'>nullo</span> <span class='ocrx_word' id='word_1_87' title='bbox 724 835 875 877; x_wconf 86' lang='lat' dir='ltr'>semine</span> <span class='ocrx_word' id='word_1_88' title='bbox 910 841 1164 891; x_wconf 83' lang='lat' dir='ltr'>propagatum</span> <span class='ocrx_word' id='word_1_89' title='bbox 1200 835 1466 890; x_wconf 77' lang='lat' dir='ltr'>concipiamus</span> <span class='ocrx_word' id='word_1_90' title='bbox 1498 835 1644 887; x_wconf 82' lang='lat' dir='ltr'>auimo,</span> 
     </span>
    </p>

    <p class='ocr_par' dir='ltr' id='par_1_5' title="bbox 0 903 1650 2812">
     <span class='ocr_line' id='line_1_11' title="bbox 29 903 1648 963; baseline -0.002 -15"><span class='ocrx_word' id='word_1_91' title='bbox 29 947 34 953; x_wconf 81' lang='grc'>,</span> <span class='ocrx_word' id='word_1_92' title='bbox 97 917 231 963; x_wconf 51' lang='lat' dir='ltr'>*u</span> <span class='ocrx_word' id='word_1_93' title='bbox 258 904 473 957; x_wconf 72' lang='lat' dir='ltr'>eiusmodi,</span> <span class='ocrx_word' id='word_1_94' title='bbox 514 911 556 946; x_wconf 88' lang='lat' dir='ltr'>ut</span> <span class='ocrx_word' id='word_1_95' title='bbox 590 903 794 960; x_wconf 87' lang='lat' dir='ltr'>corporeis</span> <span class='ocrx_word' id='word_1_96' title='bbox 826 910 990 945; x_wconf 85' lang='lat' dir='ltr'>naturae</span> <span class='ocrx_word' id='word_1_97' title='bbox 1024 903 1175 944; x_wconf 78' lang='lat' dir='ltr'>virilius</span> <span class='ocrx_word' id='word_1_98' title='bbox 1193 903 1417 954; x_wconf 86' lang='lat' dir='ltr'>adolescat,</span> <span class='ocrx_word' id='word_1_99' title='bbox 1459 911 1500 945; x_wconf 91' lang='lat' dir='ltr'>et</span> <span class='ocrx_word' id='word_1_100' title='bbox 1518 905 1565 945; x_wconf 87' lang='lat' dir='ltr'>ad</span> <span class='ocrx_word' id='word_1_101' title='bbox 1589 904 1648 945; x_wconf 89' lang='lat' dir='ltr'>iu-</span> 
     </span>
     <span class='ocr_line' id='line_1_12' title="bbox 97 971 1647 1029; baseline -0.001 -13"><span class='ocrx_word' id='word_1_102' title='bbox 97 980 341 1016; x_wconf 65' lang='lat' dir='ltr'>uet-eutu-</span> <span class='ocrx_word' id='word_1_103' title='bbox 373 972 744 1029; x_wconf 82' lang='lat' dir='ltr'>corruptionemque</span> <span class='ocrx_word' id='word_1_104' title='bbox 775 972 948 1014; x_wconf 89' lang='lat' dir='ltr'>vicissim</span> <span class='ocrx_word' id='word_1_105' title='bbox 981 979 1183 1022; x_wconf 84' lang='lat' dir='ltr'>trauseat,</span> <span class='ocrx_word' id='word_1_106' title='bbox 1226 986 1327 1028; x_wconf 88' lang='lat' dir='ltr'>quac</span> <span class='ocrx_word' id='word_1_107' title='bbox 1351 979 1441 1013; x_wconf 86' lang='lat' dir='ltr'>suut</span> <span class='ocrx_word' id='word_1_108' title='bbox 1468 971 1647 1028; x_wconf 82' lang='lat' dir='ltr'>propriae</span> 
     </span>
     <span class='ocr_line' id='line_1_13' title="bbox 0 1030 1647 1123; baseline -0.001 -39"><span class='ocrx_word' id='word_1_109' title='bbox 0 1030 9 1123; x_wconf 49' lang='lat' dir='ltr'>l</span> <span class='ocrx_word' id='word_1_110' title='bbox 98 1053 232 1084; x_wconf 68' lang='lat' dir='ltr'>reru-</span> <span class='ocrx_word' id='word_1_111' title='bbox 268 1054 546 1098; x_wconf 79' lang='lat' dir='ltr'>eorporearum</span> <span class='ocrx_word' id='word_1_112' title='bbox 585 1048 725 1083; x_wconf 79' lang='lat' dir='ltr'>notae:</span> <span class='ocrx_word' id='word_1_113' title='bbox 768 1040 851 1092; x_wconf 67' lang='lat' dir='ltr'>tuis,</span> <span class='ocrx_word' id='word_1_114' title='bbox 898 1041 1078 1095; x_wconf 86' lang='lat' dir='ltr'>inquam,</span> <span class='ocrx_word' id='word_1_115' title='bbox 1126 1040 1432 1097; x_wconf 86' lang='lat' dir='ltr'>circumscriptis</span> <span class='ocrx_word' id='word_1_116' title='bbox 1467 1041 1647 1082; x_wconf 87' lang='lat' dir='ltr'>omnibus</span> 
     </span>
     <span class='ocr_line' id='line_1_14' title="bbox 98 1107 1647 1168; baseline -0.001 -15"><span class='ocrx_word' id='word_1_117' title='bbox 98 1108 196 1153; x_wconf 73' lang='lat' dir='ltr'>nihil</span> <span class='ocrx_word' id='word_1_118' title='bbox 227 1117 385 1168; x_wconf 80' lang='lat' dir='ltr'>praeter</span> <span class='ocrx_word' id='word_1_119' title='bbox 413 1110 551 1152; x_wconf 83' lang='lat' dir='ltr'>similis</span> <span class='ocrx_word' id='word_1_120' title='bbox 578 1109 779 1152; x_wconf 87' lang='lat' dir='ltr'>notionem</span> <span class='ocrx_word' id='word_1_121' title='bbox 813 1109 1031 1151; x_wconf 73' lang='lat' dir='ltr'>habebitur.</span> <span class='ocrx_word' id='word_1_122' title='bbox 1094 1107 1147 1152; x_wconf 93' lang='lat' dir='ltr'>Ut</span> <span class='ocrx_word' id='word_1_123' title='bbox 1171 1111 1274 1150; x_wconf 92' lang='lat' dir='ltr'>enim</span> <span class='ocrx_word' id='word_1_124' title='bbox 1308 1123 1394 1151; x_wconf 89' lang='lat' dir='ltr'>cum</span> <span class='ocrx_word' id='word_1_125' title='bbox 1418 1124 1441 1151; x_wconf 84' lang='lat' dir='ltr'>a</span> <span class='ocrx_word' id='word_1_126' title='bbox 1466 1116 1647 1151; x_wconf 81' lang='lat' dir='ltr'>ereatura</span> 
     </span>
     <span class='ocr_line' id='line_1_15' title="bbox 7 1177 1647 1235; baseline -0.001 -14"><span class='ocrx_word' id='word_1_127' title='bbox 7 1202 12 1206; x_wconf 94' lang='lat'>·</span> <span class='ocrx_word' id='word_1_128' title='bbox 99 1179 247 1232; x_wconf 72' lang='grc' dir='ltr'>(ια’.</span> <span class='ocrx_word' id='word_1_129' title='bbox 241 1178 292 1220; x_wconf 76' lang='lat' dir='ltr'>id</span> <span class='ocrx_word' id='word_1_130' title='bbox 330 1179 460 1221; x_wconf 75' lang='lat' dir='ltr'>denuo</span> <span class='ocrx_word' id='word_1_131' title='bbox 499 1179 752 1235; x_wconf 80' lang='lat' dir='ltr'>repetendum</span> <span class='ocrx_word' id='word_1_132' title='bbox 793 1181 876 1232; x_wconf 90' lang='lat' dir='ltr'>est)</span> <span class='ocrx_word' id='word_1_133' title='bbox 915 1178 1157 1220; x_wconf 81' lang='lat' dir='ltr'>exclusimus</span> <span class='ocrx_word' id='word_1_134' title='bbox 1192 1178 1349 1229; x_wconf 88' lang='lat' dir='ltr'>omnia,</span> <span class='ocrx_word' id='word_1_135' title='bbox 1397 1192 1515 1220; x_wconf 87' lang='lat' dir='ltr'>uuum</span> <span class='ocrx_word' id='word_1_136' title='bbox 1554 1177 1647 1219; x_wconf 89' lang='lat' dir='ltr'>illud</span> 
     </span>
     <span class='ocr_line' id='line_1_16' title="bbox 99 1245 1647 1304; baseline -0.001 -14"><span class='ocrx_word' id='word_1_137' title='bbox 99 1245 361 1304; x_wconf 47' lang='lat' dir='ltr'>*in-s,</span> <span class='ocrx_word' id='word_1_138' title='bbox 404 1245 444 1288; x_wconf 82' lang='lat' dir='ltr'>in</span> <span class='ocrx_word' id='word_1_139' title='bbox 470 1254 651 1288; x_wconf 79' lang='lat' dir='ltr'>creatore</span> <span class='ocrx_word' id='word_1_140' title='bbox 682 1248 836 1303; x_wconf 86' lang='lat' dir='ltr'>quidem</span> <span class='ocrx_word' id='word_1_141' title='bbox 874 1253 1017 1289; x_wconf 86' lang='lat' dir='ltr'>statum</span> <span class='ocrx_word' id='word_1_142' title='bbox 1050 1247 1243 1303; x_wconf 80' lang='lat' dir='ltr'>quendam</span> <span class='ocrx_word' id='word_1_143' title='bbox 1278 1246 1473 1303; x_wconf 83' lang='lat' dir='ltr'>passionis</span> <span class='ocrx_word' id='word_1_144' title='bbox 1502 1260 1647 1303; x_wconf 56' lang='lat' dir='ltr'>exper-</span> 
     </span>
     <span class='ocr_line' id='line_1_17' title="bbox 99 1315 1648 1372; baseline -0.001 -14"><span class='ocrx_word' id='word_1_145' title='bbox 99 1322 204 1368; x_wconf 63' lang='grc' dir='ltr'>ιῐι,</span> <span class='ocrx_word' id='word_1_146' title='bbox 223 1315 276 1358; x_wconf 69' lang='lat' dir='ltr'>‘n</span> <span class='ocrx_word' id='word_1_147' title='bbox 292 1321 480 1358; x_wconf 74' lang='lat' dir='ltr'>ereatura</span> <span class='ocrx_word' id='word_1_148' title='bbox 500 1329 599 1356; x_wconf 82' lang='lat' dir='ltr'>vero</span> <span class='ocrx_word' id='word_1_149' title='bbox 622 1317 832 1372; x_wconf 71' lang='lat' dir='ltr'>perfectam</span> <span class='ocrx_word' id='word_1_150' title='bbox 857 1323 897 1356; x_wconf 85' lang='lat' dir='ltr'>et</span> <span class='ocrx_word' id='word_1_151' title='bbox 917 1316 1069 1371; x_wconf 88' lang='lat' dir='ltr'>qualem</span> <span class='ocrx_word' id='word_1_152' title='bbox 1099 1316 1280 1357; x_wconf 82' lang='lat' dir='ltr'>conditor</span> <span class='ocrx_word' id='word_1_153' title='bbox 1305 1315 1452 1368; x_wconf 82' lang='lat' dir='ltr'>voluit,</span> <span class='ocrx_word' id='word_1_154' title='bbox 1484 1330 1531 1358; x_wconf 82' lang='lat' dir='ltr'>ac</span> <span class='ocrx_word' id='word_1_155' title='bbox 1556 1315 1648 1357; x_wconf 87' lang='lat' dir='ltr'>soli·</span> 
     </span>
     <span class='ocr_line' id='line_1_18' title="bbox 98 1383 1649 1441; baseline 0 -15"><span class='ocrx_word' id='word_1_156' title='bbox 98 1383 189 1426; x_wconf 74' lang='lat' dir='ltr'>das·</span> <span class='ocrx_word' id='word_1_157' title='bbox 222 1383 385 1426; x_wconf 67' lang='lat' dir='ltr'>naturae</span> <span class='ocrx_word' id='word_1_158' title='bbox 416 1384 668 1440; x_wconf 79' lang='lat' dir='ltr'>qualitatem,</span> <span class='ocrx_word' id='word_1_159' title='bbox 717 1385 776 1426; x_wconf 89' lang='lat' dir='ltr'>sic</span> <span class='ocrx_word' id='word_1_160' title='bbox 806 1383 845 1425; x_wconf 89' lang='lat' dir='ltr'>iu</span> <span class='ocrx_word' id='word_1_161' title='bbox 883 1391 1031 1440; x_wconf 87' lang='lat' dir='ltr'>patrem</span> <span class='ocrx_word' id='word_1_162' title='bbox 1068 1391 1108 1426; x_wconf 89' lang='lat' dir='ltr'>et</span> <span class='ocrx_word' id='word_1_163' title='bbox 1143 1384 1264 1426; x_wconf 83' lang='lat' dir='ltr'>lilium</span> <span class='ocrx_word' id='word_1_164' title='bbox 1293 1384 1496 1441; x_wconf 87' lang='lat' dir='ltr'>corporeis</span> <span class='ocrx_word' id='word_1_165' title='bbox 1523 1384 1649 1426; x_wconf 82' lang='lat' dir='ltr'>otnui—</span> 
     </span>
     <span class='ocr_line' id='line_1_19' title="bbox 0 1449 1649 1510; baseline 0.001 -16"><span class='ocrx_word' id='word_1_166' title='bbox 0 1469 5 1494; x_wconf 76' lang='grc' dir='ltr'>ι</span> <span class='ocrx_word' id='word_1_167' title='bbox 96 1449 174 1494; x_wconf 63' lang='lat' dir='ltr'>bh·</span> <span class='ocrx_word' id='word_1_168' title='bbox 201 1451 414 1509; x_wconf 71' lang='lat' dir='ltr'>amputatis</span> <span class='ocrx_word' id='word_1_169' title='bbox 445 1452 561 1494; x_wconf 85' lang='lat' dir='ltr'>unica</span> <span class='ocrx_word' id='word_1_170' title='bbox 590 1452 730 1494; x_wconf 87' lang='lat' dir='ltr'>similis</span> <span class='ocrx_word' id='word_1_171' title='bbox 760 1453 862 1508; x_wconf 86' lang='lat' dir='ltr'>quod</span> <span class='ocrx_word' id='word_1_172' title='bbox 886 1454 932 1494; x_wconf 89' lang='lat' dir='ltr'>ad</span> <span class='ocrx_word' id='word_1_173' title='bbox 964 1453 1176 1501; x_wconf 59' lang='lat' dir='ltr'>essentiam</span> <span class='ocrx_word' id='word_1_174' title='bbox 1202 1453 1343 1494; x_wconf 85' lang='lat' dir='ltr'>attinet</span> <span class='ocrx_word' id='word_1_175' title='bbox 1363 1453 1544 1496; x_wconf 85' lang='lat' dir='ltr'>animalis</span> <span class='ocrx_word' id='word_1_176' title='bbox 1579 1467 1649 1510; x_wconf 83' lang='lat' dir='ltr'>ge-</span> 
     </span>
     <span class='ocr_line' id='line_1_20' title="bbox 97 1519 1649 1578; baseline 0.001 -15"><span class='ocrx_word' id='word_1_177' title='bbox 97 1519 254 1563; x_wconf 64' lang='lat' dir='ltr'>anath</span> <span class='ocrx_word' id='word_1_178' title='bbox 290 1521 544 1562; x_wconf 71' lang='lat' dir='ltr'>miissertur.</span> <span class='ocrx_word' id='word_1_179' title='bbox 615 1519 738 1563; x_wconf 86' lang='lat' dir='ltr'>Pater</span> <span class='ocrx_word' id='word_1_180' title='bbox 773 1520 877 1562; x_wconf 89' lang='lat' dir='ltr'>euim</span> <span class='ocrx_word' id='word_1_181' title='bbox 913 1521 974 1563; x_wconf 91' lang='lat' dir='ltr'>sui</span> <span class='ocrx_word' id='word_1_182' title='bbox 1018 1521 1156 1563; x_wconf 86' lang='lat' dir='ltr'>similis</span> <span class='ocrx_word' id='word_1_183' title='bbox 1197 1522 1441 1564; x_wconf 85' lang='lat' dir='ltr'>substantiae</span> <span class='ocrx_word' id='word_1_184' title='bbox 1478 1529 1589 1578; x_wconf 89' lang='lat' dir='ltr'>pater</span> <span class='ocrx_word' id='word_1_185' title='bbox 1625 1536 1649 1564; x_wconf 85' lang='lat' dir='ltr'>a</span> 
     </span>
     <span class='ocr_line' id='line_1_21' title="bbox 94 1586 1646 1644; baseline 0 -12"><span class='ocrx_word' id='word_1_186' title='bbox 94 1586 215 1632; x_wconf 53' lang='lat' dir='ltr'>“h</span> <span class='ocrx_word' id='word_1_187' title='bbox 246 1587 495 1644; x_wconf 75' lang='lat' dir='ltr'>intelligitur.</span> <span class='ocrx_word' id='word_1_188' title='bbox 570 1587 686 1644; x_wconf 81' lang='lat' dir='ltr'>Quod</span> <span class='ocrx_word' id='word_1_189' title='bbox 719 1589 753 1630; x_wconf 83' lang='lat' dir='ltr'>si</span> <span class='ocrx_word' id='word_1_190' title='bbox 785 1604 861 1631; x_wconf 91' lang='lat' dir='ltr'>una</span> <span class='ocrx_word' id='word_1_191' title='bbox 891 1605 977 1631; x_wconf 87' lang='lat' dir='ltr'>cum</span> <span class='ocrx_word' id='word_1_192' title='bbox 1013 1590 1158 1632; x_wconf 86' lang='lat' dir='ltr'>ceteris</span> <span class='ocrx_word' id='word_1_193' title='bbox 1184 1590 1366 1632; x_wconf 85' lang='lat' dir='ltr'>omuibus</span> <span class='ocrx_word' id='word_1_194' title='bbox 1406 1590 1646 1642; x_wconf 85' lang='lat' dir='ltr'>notionibus,</span> 
     </span>
     <span class='ocr_line' id='line_1_22' title="bbox 96 1654 1650 1715; baseline 0.001 -15"><span class='ocrx_word' id='word_1_195' title='bbox 96 1654 200 1715; x_wconf 56' lang='grc' dir='ltr'>’φὀο</span> <span class='ocrx_word' id='word_1_196' title='bbox 215 1670 274 1700; x_wconf 67' lang='grc' dir='ltr'>αι</span> <span class='ocrx_word' id='word_1_197' title='bbox 302 1656 425 1714; x_wconf 69' lang='lat' dir='ltr'>petris</span> <span class='ocrx_word' id='word_1_198' title='bbox 447 1664 488 1699; x_wconf 83' lang='lat' dir='ltr'>et</span> <span class='ocrx_word' id='word_1_199' title='bbox 510 1657 580 1699; x_wconf 81' lang='lat' dir='ltr'>mii</span> <span class='ocrx_word' id='word_1_200' title='bbox 601 1659 824 1700; x_wconf 83' lang='lat' dir='ltr'>nominibus</span> <span class='ocrx_word' id='word_1_201' title='bbox 845 1672 1123 1713; x_wconf 82' lang='lat' dir='ltr'>corporearum</span> <span class='ocrx_word' id='word_1_202' title='bbox 1150 1673 1280 1700; x_wconf 84' lang='lat' dir='ltr'>rerum</span> <span class='ocrx_word' id='word_1_203' title='bbox 1306 1659 1474 1715; x_wconf 82' lang='lat' dir='ltr'>propriis·</span> <span class='ocrx_word' id='word_1_204' title='bbox 1500 1659 1650 1713; x_wconf 70' lang='lat' dir='ltr'>cogita-</span> 
     </span>
     <span class='ocr_line' id='line_1_23' title="bbox 97 1724 1649 1783; baseline 0.001 -15"><span class='ocrx_word' id='word_1_205' title='bbox 97 1724 208 1768; x_wconf 71' lang='grc' dir='ltr'>ιδιιο</span> <span class='ocrx_word' id='word_1_206' title='bbox 235 1725 535 1783; x_wconf 74' lang='lat' dir='ltr'>praeciduntur,</span> <span class='ocrx_word' id='word_1_207' title='bbox 583 1733 748 1769; x_wconf 82' lang='lat' dir='ltr'>naturae</span> <span class='ocrx_word' id='word_1_208' title='bbox 778 1741 932 1783; x_wconf 86' lang='lat' dir='ltr'>quoque</span> <span class='ocrx_word' id='word_1_209' title='bbox 963 1726 1143 1769; x_wconf 83' lang='lat' dir='ltr'>animalis</span> <span class='ocrx_word' id='word_1_210' title='bbox 1173 1742 1262 1769; x_wconf 91' lang='lat' dir='ltr'>cum</span> <span class='ocrx_word' id='word_1_211' title='bbox 1296 1734 1406 1783; x_wconf 87' lang='lat' dir='ltr'>patre</span> <span class='ocrx_word' id='word_1_212' title='bbox 1435 1728 1649 1769; x_wconf 88' lang='lat' dir='ltr'>similitudo</span> 
     </span>
     <span class='ocr_line' id='line_1_24' title="bbox 95 1793 1650 1852; baseline 0.001 -16"><span class='ocrx_word' id='word_1_213' title='bbox 95 1793 279 1847; x_wconf 71' lang='lat' dir='ltr'>tollatur,</span> <span class='ocrx_word' id='word_1_214' title='bbox 318 1807 344 1836; x_wconf 81' lang='lat' dir='ltr'>e</span> <span class='ocrx_word' id='word_1_215' title='bbox 363 1808 438 1851; x_wconf 84' lang='lat' dir='ltr'>qua</span> <span class='ocrx_word' id='word_1_216' title='bbox 470 1794 713 1851; x_wconf 82' lang='lat' dir='ltr'>intelligendi</span> <span class='ocrx_word' id='word_1_217' title='bbox 747 1796 939 1837; x_wconf 84' lang='lat' dir='ltr'>rationem</span> <span class='ocrx_word' id='word_1_218' title='bbox 964 1809 1119 1837; x_wconf 87' lang='lat' dir='ltr'>omnem</span> <span class='ocrx_word' id='word_1_219' title='bbox 1146 1796 1349 1847; x_wconf 86' lang='lat' dir='ltr'>ducimus,</span> <span class='ocrx_word' id='word_1_220' title='bbox 1393 1804 1541 1852; x_wconf 88' lang='lat' dir='ltr'>patrem</span> <span class='ocrx_word' id='word_1_221' title='bbox 1566 1810 1650 1838; x_wconf 89' lang='lat' dir='ltr'>am·</span> 
     </span>
     <span class='ocr_line' id='line_1_25' title="bbox 97 1861 1649 1920; baseline 0.001 -16"><span class='ocrx_word' id='word_1_222' title='bbox 97 1861 199 1920; x_wconf 67' lang='lat' dir='ltr'>plius</span> <span class='ocrx_word' id='word_1_223' title='bbox 219 1862 391 1915; x_wconf 65' lang='lat' dir='ltr'>sutton,</span> <span class='ocrx_word' id='word_1_224' title='bbox 434 1870 504 1905; x_wconf 83' lang='lat' dir='ltr'>aut</span> <span class='ocrx_word' id='word_1_225' title='bbox 528 1863 648 1906; x_wconf 76' lang='lat' dir='ltr'>lilium</span> <span class='ocrx_word' id='word_1_226' title='bbox 672 1877 764 1906; x_wconf 88' lang='lat' dir='ltr'>esse</span> <span class='ocrx_word' id='word_1_227' title='bbox 786 1865 1019 1916; x_wconf 85' lang='lat' dir='ltr'>credemus,</span> <span class='ocrx_word' id='word_1_228' title='bbox 1050 1865 1121 1906; x_wconf 91' lang='lat' dir='ltr'>sed</span> <span class='ocrx_word' id='word_1_229' title='bbox 1147 1873 1388 1914; x_wconf 84' lang='lat' dir='ltr'>creatorem,</span> <span class='ocrx_word' id='word_1_230' title='bbox 1422 1879 1469 1906; x_wconf 87' lang='lat' dir='ltr'>ac</span> <span class='ocrx_word' id='word_1_231' title='bbox 1495 1872 1649 1906; x_wconf 89' lang='lat' dir='ltr'>creatu-</span> 
     </span>
     <span class='ocr_line' id='line_1_26' title="bbox 96 1933 1647 1990; baseline 0.001 -16"><span class='ocrx_word' id='word_1_232' title='bbox 96 1943 204 1983; x_wconf 63' lang='lat' dir='ltr'>nn,</span> <span class='ocrx_word' id='word_1_233' title='bbox 243 1938 286 1974; x_wconf 83' lang='lat' dir='ltr'>et</span> <span class='ocrx_word' id='word_1_234' title='bbox 300 1944 594 1988; x_wconf 79' lang='lat' dir='ltr'>supervacanea</span> <span class='ocrx_word' id='word_1_235' title='bbox 616 1933 804 1989; x_wconf 82' lang='lat' dir='ltr'>quaedam</span> <span class='ocrx_word' id='word_1_236' title='bbox 827 1933 1009 1985; x_wconf 86' lang='lat' dir='ltr'>uomina,</span> <span class='ocrx_word' id='word_1_237' title='bbox 1052 1947 1152 1989; x_wconf 88' lang='lat' dir='ltr'>quae</span> <span class='ocrx_word' id='word_1_238' title='bbox 1184 1933 1279 1975; x_wconf 69' lang='lat' dir='ltr'>nitnit</span> <span class='ocrx_word' id='word_1_239' title='bbox 1309 1947 1378 1990; x_wconf 88' lang='lat' dir='ltr'>per</span> <span class='ocrx_word' id='word_1_240' title='bbox 1398 1933 1527 1990; x_wconf 84' lang='lat' dir='ltr'>seipsa</span> <span class='ocrx_word' id='word_1_241' title='bbox 1553 1947 1647 1975; x_wconf 85' lang='lat' dir='ltr'>eou-</span> 
     </span>
     <span class='ocr_line' id='line_1_27' title="bbox 97 1997 1649 2059; baseline 0.001 -17"><span class='ocrx_word' id='word_1_242' title='bbox 97 1998 242 2042; x_wconf 54' lang='lat' dir='ltr'>aaut.</span> <span class='ocrx_word' id='word_1_243' title='bbox 304 1997 362 2043; x_wconf 82' lang='lat' dir='ltr'>lta</span> <span class='ocrx_word' id='word_1_244' title='bbox 396 1999 467 2042; x_wconf 75' lang='lat' dir='ltr'>net</span> <span class='ocrx_word' id='word_1_245' title='bbox 489 2007 531 2042; x_wconf 90' lang='grc' dir='ltr'>ιιι</span> <span class='ocrx_word' id='word_1_246' title='bbox 561 2002 657 2044; x_wconf 89' lang='lat' dir='ltr'>deus</span> <span class='ocrx_word' id='word_1_247' title='bbox 681 2009 839 2044; x_wconf 84' lang='lat' dir='ltr'>creator</span> <span class='ocrx_word' id='word_1_248' title='bbox 856 2002 933 2053; x_wconf 86' lang='lat' dir='ltr'>sit,</span> <span class='ocrx_word' id='word_1_249' title='bbox 976 2015 1050 2043; x_wconf 73' lang='lat' dir='ltr'>nec</span> <span class='ocrx_word' id='word_1_250' title='bbox 1073 2002 1148 2044; x_wconf 81' lang='lat' dir='ltr'>ulla</span> <span class='ocrx_word' id='word_1_251' title='bbox 1177 2010 1305 2045; x_wconf 86' lang='lat' dir='ltr'>tamen</span> <span class='ocrx_word' id='word_1_252' title='bbox 1331 2001 1484 2044; x_wconf 86' lang='lat' dir='ltr'>ratione</span> <span class='ocrx_word' id='word_1_253' title='bbox 1508 2001 1559 2044; x_wconf 90' lang='lat' dir='ltr'>sit</span> <span class='ocrx_word' id='word_1_254' title='bbox 1583 2017 1649 2059; x_wconf 77' lang='lat' dir='ltr'>pa-</span> 
     </span>
     <span class='ocr_line' id='line_1_28' title="bbox 97 2065 1647 2126; baseline 0 -14"><span class='ocrx_word' id='word_1_255' title='bbox 97 2072 179 2112; x_wconf 57' lang='lat' dir='ltr'>nt.-</span> <span class='ocrx_word' id='word_1_256' title='bbox 236 2065 354 2124; x_wconf 73' lang='lat' dir='ltr'>Quod</span> <span class='ocrx_word' id='word_1_257' title='bbox 386 2069 491 2111; x_wconf 87' lang='lat' dir='ltr'>enim</span> <span class='ocrx_word' id='word_1_258' title='bbox 517 2076 629 2126; x_wconf 84' lang='lat' dir='ltr'>pater</span> <span class='ocrx_word' id='word_1_259' title='bbox 658 2085 736 2112; x_wconf 93' lang='lat' dir='ltr'>non</span> <span class='ocrx_word' id='word_1_260' title='bbox 761 2070 884 2126; x_wconf 87' lang='lat' dir='ltr'>ipsius</span> <span class='ocrx_word' id='word_1_261' title='bbox 910 2070 1102 2123; x_wconf 85' lang='lat' dir='ltr'>actionis,</span> <span class='ocrx_word' id='word_1_262' title='bbox 1145 2070 1214 2112; x_wconf 81' lang='lat' dir='ltr'>sed</span> <span class='ocrx_word' id='word_1_263' title='bbox 1250 2077 1413 2113; x_wconf 81' lang='lat' dir='ltr'>naturae</span> <span class='ocrx_word' id='word_1_264' title='bbox 1447 2071 1647 2112; x_wconf 86' lang='lat' dir='ltr'>cuiusdam</span> 
     </span>
     <span class='ocr_line' id='line_1_29' title="bbox 94 2135 1648 2196; baseline 0 -16"><span class='ocrx_word' id='word_1_265' title='bbox 94 2135 260 2189; x_wconf 58' lang='lat' dir='ltr'>ubilis,</span> <span class='ocrx_word' id='word_1_266' title='bbox 291 2150 393 2193; x_wconf 79' lang='lat' dir='ltr'>quae</span> <span class='ocrx_word' id='word_1_267' title='bbox 421 2151 493 2194; x_wconf 87' lang='lat' dir='ltr'>per</span> <span class='ocrx_word' id='word_1_268' title='bbox 514 2137 619 2180; x_wconf 83' lang='lat' dir='ltr'>illam</span> <span class='ocrx_word' id='word_1_269' title='bbox 643 2139 838 2181; x_wconf 76' lang='lat' dir='ltr'>actionem</span> <span class='ocrx_word' id='word_1_270' title='bbox 860 2139 1020 2191; x_wconf 84' lang='lat' dir='ltr'>existit,</span> <span class='ocrx_word' id='word_1_271' title='bbox 1051 2146 1161 2194; x_wconf 86' lang='lat' dir='ltr'>pater</span> <span class='ocrx_word' id='word_1_272' title='bbox 1183 2139 1413 2196; x_wconf 76' lang='lat' dir='ltr'>appelletur,</span> <span class='ocrx_word' id='word_1_273' title='bbox 1448 2140 1648 2182; x_wconf 80' lang='lat' dir='ltr'>naturales</span> 
     </span>
     <span class='ocr_line' id='line_1_30' title="bbox 95 2201 1647 2264; baseline 0.001 -17"><span class='ocrx_word' id='word_1_274' title='bbox 95 2201 207 2263; x_wconf 69' lang='lat' dir='ltr'>ipsae</span> <span class='ocrx_word' id='word_1_275' title='bbox 236 2204 412 2248; x_wconf 81' lang='lat' dir='ltr'>rationes</span> <span class='ocrx_word' id='word_1_276' title='bbox 447 2205 654 2249; x_wconf 83' lang='lat' dir='ltr'>evidenter</span> <span class='ocrx_word' id='word_1_277' title='bbox 684 2209 927 2250; x_wconf 43' lang='lat' dir='ltr'>ostendunt(</span> <span class='ocrx_word' id='word_1_278' title='bbox 970 2206 1073 2250; x_wconf 86' lang='lat' dir='ltr'>Nam</span> <span class='ocrx_word' id='word_1_279' title='bbox 1109 2222 1196 2250; x_wconf 90' lang='lat' dir='ltr'>cum</span> <span class='ocrx_word' id='word_1_280' title='bbox 1234 2208 1353 2250; x_wconf 90' lang='lat' dir='ltr'>multa</span> <span class='ocrx_word' id='word_1_281' title='bbox 1387 2221 1509 2264; x_wconf 85' lang='lat' dir='ltr'>penes</span> <span class='ocrx_word' id='word_1_282' title='bbox 1540 2211 1647 2249; x_wconf 79' lang='lat' dir='ltr'>deum</span> 
     </span>
     <span class='ocr_line' id='line_1_31' title="bbox 96 2271 1644 2332; baseline 0 -15"><span class='ocrx_word' id='word_1_283' title='bbox 96 2271 297 2317; x_wconf 62' lang='lat' dir='ltr'>udis-u</span> <span class='ocrx_word' id='word_1_284' title='bbox 327 2286 476 2330; x_wconf 74' lang='lat' dir='ltr'>genera</span> <span class='ocrx_word' id='word_1_285' title='bbox 510 2275 612 2326; x_wconf 89' lang='lat' dir='ltr'>sint,</span> <span class='ocrx_word' id='word_1_286' title='bbox 653 2275 729 2318; x_wconf 87' lang='lat' dir='ltr'>alia</span> <span class='ocrx_word' id='word_1_287' title='bbox 759 2284 822 2319; x_wconf 87' lang='lat' dir='ltr'>est</span> <span class='ocrx_word' id='word_1_288' title='bbox 846 2276 973 2328; x_wconf 89' lang='lat' dir='ltr'>actio,</span> <span class='ocrx_word' id='word_1_289' title='bbox 1017 2291 1091 2332; x_wconf 90' lang='lat' dir='ltr'>qua</span> <span class='ocrx_word' id='word_1_290' title='bbox 1123 2282 1343 2319; x_wconf 83' lang='lat' dir='ltr'>creatorem</span> <span class='ocrx_word' id='word_1_291' title='bbox 1376 2275 1644 2331; x_wconf 77' lang='lat' dir='ltr'>intelligimus,</span> 
     </span>
     <span class='ocr_line' id='line_1_32' title="bbox 97 2343 1647 2401; baseline 0.002 -17"><span class='ocrx_word' id='word_1_292' title='bbox 97 2349 293 2400; x_wconf 73' lang='lat' dir='ltr'>quatenus</span> <span class='ocrx_word' id='word_1_293' title='bbox 313 2343 414 2386; x_wconf 82' lang='lat' dir='ltr'>coeli</span> <span class='ocrx_word' id='word_1_294' title='bbox 437 2350 666 2399; x_wconf 80' lang='lat' dir='ltr'>terraeque,</span> <span class='ocrx_word' id='word_1_295' title='bbox 700 2351 739 2386; x_wconf 90' lang='lat' dir='ltr'>et</span> <span class='ocrx_word' id='word_1_296' title='bbox 760 2358 858 2401; x_wconf 88' lang='lat' dir='ltr'>quae</span> <span class='ocrx_word' id='word_1_297' title='bbox 881 2345 941 2388; x_wconf 79' lang='lat' dir='ltr'>liis</span> <span class='ocrx_word' id='word_1_298' title='bbox 965 2346 1217 2387; x_wconf 89' lang='lat' dir='ltr'>continentur</span> <span class='ocrx_word' id='word_1_299' title='bbox 1239 2346 1438 2396; x_wconf 89' lang='lat' dir='ltr'>omnium,</span> <span class='ocrx_word' id='word_1_300' title='bbox 1471 2359 1544 2386; x_wconf 87' lang='lat' dir='ltr'>uec</span> <span class='ocrx_word' id='word_1_301' title='bbox 1568 2359 1647 2387; x_wconf 88' lang='lat' dir='ltr'>unu</span> 
     </span>
     <span class='ocr_line' id='line_1_33' title="bbox 99 2411 1649 2469; baseline 0.001 -16"><span class='ocrx_word' id='word_1_302' title='bbox 99 2411 296 2454; x_wconf 58' lang='lat' dir='ltr'>“uru-</span> <span class='ocrx_word' id='word_1_303' title='bbox 327 2425 429 2468; x_wconf 78' lang='lat' dir='ltr'>quae</span> <span class='ocrx_word' id='word_1_304' title='bbox 459 2411 584 2454; x_wconf 82' lang='lat' dir='ltr'>videri</span> <span class='ocrx_word' id='word_1_305' title='bbox 625 2419 826 2469; x_wconf 88' lang='lat' dir='ltr'>nequeunt</span> <span class='ocrx_word' id='word_1_306' title='bbox 857 2421 1016 2456; x_wconf 84' lang='lat' dir='ltr'>creator</span> <span class='ocrx_word' id='word_1_307' title='bbox 1045 2422 1122 2456; x_wconf 88' lang='lat' dir='ltr'>est.</span> <span class='ocrx_word' id='word_1_308' title='bbox 1198 2412 1375 2456; x_wconf 85' lang='lat' dir='ltr'>Eundem</span> <span class='ocrx_word' id='word_1_309' title='bbox 1412 2427 1508 2455; x_wconf 84' lang='lat' dir='ltr'>vero</span> <span class='ocrx_word' id='word_1_310' title='bbox 1545 2413 1649 2455; x_wconf 86' lang='lat' dir='ltr'>unici</span> 
     </span>
     <span class='ocr_line' id='line_1_34' title="bbox 99 2478 1647 2538; baseline 0 -15"><span class='ocrx_word' id='word_1_311' title='bbox 99 2478 174 2523; x_wconf 68' lang='lat' dir='ltr'>filii</span> <span class='ocrx_word' id='word_1_312' title='bbox 205 2486 407 2537; x_wconf 58' lang='lat' dir='ltr'>”mutem</span> <span class='ocrx_word' id='word_1_313' title='bbox 434 2495 512 2524; x_wconf 82' lang='lat' dir='ltr'>uon</span> <span class='ocrx_word' id='word_1_314' title='bbox 541 2488 724 2537; x_wconf 78' lang='lat' dir='ltr'>tanquam</span> <span class='ocrx_word' id='word_1_315' title='bbox 758 2489 1002 2534; x_wconf 83' lang='lat' dir='ltr'>creatorem,</span> <span class='ocrx_word' id='word_1_316' title='bbox 1054 2482 1123 2525; x_wconf 84' lang='lat' dir='ltr'>sed</span> <span class='ocrx_word' id='word_1_317' title='bbox 1154 2489 1336 2538; x_wconf 88' lang='lat' dir='ltr'>tauquam</span> <span class='ocrx_word' id='word_1_318' title='bbox 1365 2489 1537 2538; x_wconf 86' lang='lat' dir='ltr'>patrem,</span> <span class='ocrx_word' id='word_1_319' title='bbox 1582 2481 1647 2537; x_wconf 88' lang='lat' dir='ltr'>qui</span> 
     </span>
     <span class='ocr_line' id='line_1_35' title="bbox 97 2547 1647 2607; baseline 0.001 -16"><span class='ocrx_word' id='word_1_320' title='bbox 97 2547 262 2605; x_wconf 58' lang='lat' dir='ltr'>punit,</span> <span class='ocrx_word' id='word_1_321' title='bbox 302 2562 393 2592; x_wconf 84' lang='lat' dir='ltr'>esse</span> <span class='ocrx_word' id='word_1_322' title='bbox 426 2550 719 2606; x_wconf 74' lang='lat' dir='ltr'>cognoscimus.</span> <span class='ocrx_word' id='word_1_323' title='bbox 782 2548 930 2592; x_wconf 86' lang='lat' dir='ltr'>Verum</span> <span class='ocrx_word' id='word_1_324' title='bbox 953 2549 988 2592; x_wconf 77' lang='lat' dir='ltr'>si</span> <span class='ocrx_word' id='word_1_325' title='bbox 1012 2558 1172 2607; x_wconf 85' lang='lat' dir='ltr'>propter</span> <span class='ocrx_word' id='word_1_326' title='bbox 1194 2551 1322 2602; x_wconf 87' lang='lat' dir='ltr'>illam,</span> <span class='ocrx_word' id='word_1_327' title='bbox 1366 2564 1480 2605; x_wconf 88' lang='lat' dir='ltr'>quam</span> <span class='ocrx_word' id='word_1_328' title='bbox 1517 2558 1647 2592; x_wconf 87' lang='lat' dir='ltr'>mente</span> 
     </span>
     <span class='ocr_line' id='line_1_36' title="bbox 7 2616 1647 2675; baseline 0.001 -16"><span class='ocrx_word' id='word_1_329' title='bbox 7 2621 27 2644; x_wconf 64' lang='lat'>&#39;¹</span> <span class='ocrx_word' id='word_1_330' title='bbox 100 2616 367 2674; x_wconf 70' lang='lat' dir='ltr'>concipimus,</span> <span class='ocrx_word' id='word_1_331' title='bbox 408 2618 612 2675; x_wconf 86' lang='lat' dir='ltr'>corporeis</span> <span class='ocrx_word' id='word_1_332' title='bbox 644 2619 682 2660; x_wconf 91' lang='lat' dir='ltr'>iu</span> <span class='ocrx_word' id='word_1_333' title='bbox 705 2618 881 2675; x_wconf 88' lang='lat' dir='ltr'>patribus</span> <span class='ocrx_word' id='word_1_334' title='bbox 910 2632 958 2660; x_wconf 85' lang='lat' dir='ltr'>ac</span> <span class='ocrx_word' id='word_1_335' title='bbox 983 2618 1076 2661; x_wconf 76' lang='lat' dir='ltr'>filiis</span> <span class='ocrx_word' id='word_1_336' title='bbox 1110 2618 1372 2660; x_wconf 87' lang='lat' dir='ltr'>conditionem</span> <span class='ocrx_word' id='word_1_337' title='bbox 1400 2618 1647 2674; x_wconf 80' lang='lat' dir='ltr'>passionibus</span> 
     </span>
     <span class='ocr_line' id='line_1_37' title="bbox 33 2682 1647 2744; baseline 0.001 -17"><span class='ocrx_word' id='word_1_338' title='bbox 33 2687 36 2688; x_wconf 49' lang='lat'><em>⁷</em></span> <span class='ocrx_word' id='word_1_339' title='bbox 101 2682 339 2738; x_wconf 72' lang='lat' dir='ltr'>obnoxiam,</span> <span class='ocrx_word' id='word_1_340' title='bbox 383 2694 569 2729; x_wconf 84' lang='lat' dir='ltr'>vereatur</span> <span class='ocrx_word' id='word_1_341' title='bbox 599 2686 763 2742; x_wconf 86' lang='lat' dir='ltr'>aliquis,</span> <span class='ocrx_word' id='word_1_342' title='bbox 805 2700 855 2728; x_wconf 91' lang='lat' dir='ltr'>ne</span> <span class='ocrx_word' id='word_1_343' title='bbox 887 2687 920 2728; x_wconf 92' lang='lat' dir='ltr'>si</span> <span class='ocrx_word' id='word_1_344' title='bbox 950 2687 1129 2744; x_wconf 85' lang='lat' dir='ltr'>corporis</span> <span class='ocrx_word' id='word_1_345' title='bbox 1162 2700 1308 2743; x_wconf 83' lang='lat' dir='ltr'>expers</span> <span class='ocrx_word' id='word_1_346' title='bbox 1333 2687 1429 2728; x_wconf 80' lang='lat' dir='ltr'>deus</span> <span class='ocrx_word' id='word_1_347' title='bbox 1451 2700 1647 2742; x_wconf 85' lang='lat' dir='ltr'>generare</span> 
     </span>
     <span class='ocr_line' id='line_1_38' title="bbox 33 2751 1648 2812; baseline 0.001 -17"><span class='ocrx_word' id='word_1_348' title='bbox 33 2751 36 2755; x_wconf 70' lang='grc'>’</span> <span class='ocrx_word' id='word_1_349' title='bbox 100 2751 279 2805; x_wconf 67' lang='lat' dir='ltr'>dicatur,</span> <span class='ocrx_word' id='word_1_350' title='bbox 318 2755 509 2811; x_wconf 84' lang='lat' dir='ltr'>quaedam</span> <span class='ocrx_word' id='word_1_351' title='bbox 544 2755 580 2797; x_wconf 91' lang='lat' dir='ltr'>ei</span> <span class='ocrx_word' id='word_1_352' title='bbox 603 2755 797 2797; x_wconf 85' lang='lat' dir='ltr'>tribuatur</span> <span class='ocrx_word' id='word_1_353' title='bbox 822 2754 1004 2807; x_wconf 71' lang='lat' dir='ltr'>allectio,</span> <span class='ocrx_word' id='word_1_354' title='bbox 1037 2762 1104 2797; x_wconf 85' lang='lat' dir='ltr'>aut</span> <span class='ocrx_word' id='word_1_355' title='bbox 1131 2755 1168 2797; x_wconf 87' lang='lat' dir='ltr'>id</span> <span class='ocrx_word' id='word_1_356' title='bbox 1198 2755 1323 2811; x_wconf 87' lang='lat' dir='ltr'>ipsum</span> <span class='ocrx_word' id='word_1_357' title='bbox 1350 2755 1450 2811; x_wconf 86' lang='lat' dir='ltr'>quod</span> <span class='ocrx_word' id='word_1_358' title='bbox 1471 2754 1648 2812; x_wconf 74' lang='lat' dir='ltr'>gignitur</span> 
     </span>
    </p>
   </div>
   <div class='ocr_carea' id='block_1_3' title="bbox 0 2117 21 2320">
    <p class='ocr_par' dir='ltr' id='par_1_6' title="bbox 0 2117 21 2320">
     <span class='ocr_line' id='line_1_39' title="bbox 0 2117 21 2320; textangle 90"><span class='ocrx_word' id='word_1_359' title='bbox 2 2278 19 2320; x_wconf 49' lang='grc' dir='ltr'>ἥθ’</span> <span class='ocrx_word' id='word_1_360' title='bbox 0 2142 20 2258; x_wconf 55' lang='lat' dir='ltr'>:uanum-as.</span> <span class='ocrx_word' id='word_1_361' title='bbox 18 2117 21 2122; x_wconf 32' lang='lat' dir='ltr'>a</span> 
     </span>
    </p>
   </div>
   <div class='ocr_carea' id='block_1_4' title="bbox 0 2322 26 2597">
    <p class='ocr_par' dir='ltr' id='par_1_7' title="bbox 0 2322 26 2597">
     <span class='ocr_line' id='line_1_40' title="bbox 0 2322 26 2597; textangle 90"><span class='ocrx_word' id='word_1_362' title='bbox 22 2589 26 2597; x_wconf 52' lang='lat'><em>-</em></span> <span class='ocrx_word' id='word_1_363' title='bbox 4 2561 15 2569; x_wconf 61' lang='lat' dir='ltr'>z</span> <span class='ocrx_word' id='word_1_364' title='bbox 0 2355 26 2549; x_wconf 43' lang='lat' dir='ltr'>*422*me</span> <span class='ocrx_word' id='word_1_365' title='bbox 8 2322 18 2337; x_wconf 77' lang='grc'>.-,</span> 
     </span>
    </p>
   </div>
   <div class='ocr_carea' id='block_1_5' title="bbox 29 2818 1647 3087">
    <p class='ocr_par' dir='ltr' id='par_1_8' title="bbox 23 2818 1647 3087">
     <span class='ocr_line' id='line_1_41' title="bbox 101 2818 1646 2881; baseline 0.002 -18"><span class='ocrx_word' id='word_1_366' title='bbox 101 2818 369 2879; x_wconf 73' lang='lat' dir='ltr'>inperfectum</span> <span class='ocrx_word' id='word_1_367' title='bbox 403 2830 636 2875; x_wconf 82' lang='lat' dir='ltr'>censeatur,</span> <span class='ocrx_word' id='word_1_368' title='bbox 696 2837 742 2865; x_wconf 83' lang='lat' dir='ltr'>ac</span> <span class='ocrx_word' id='word_1_369' title='bbox 777 2829 907 2865; x_wconf 87' lang='lat' dir='ltr'>cetera</span> <span class='ocrx_word' id='word_1_370' title='bbox 939 2823 976 2865; x_wconf 88' lang='lat' dir='ltr'>id</span> <span class='ocrx_word' id='word_1_371' title='bbox 1012 2837 1138 2880; x_wconf 79' lang='lat' dir='ltr'>genus</span> <span class='ocrx_word' id='word_1_372' title='bbox 1176 2836 1275 2879; x_wconf 89' lang='lat' dir='ltr'>quae</span> <span class='ocrx_word' id='word_1_373' title='bbox 1318 2836 1510 2880; x_wconf 86' lang='lat' dir='ltr'>corporeo</span> <span class='ocrx_word' id='word_1_374' title='bbox 1547 2824 1646 2881; x_wconf 85' lang='lat' dir='ltr'>patri</span> 
     </span>
     <span class='ocr_line' id='line_1_42' title="bbox 47 2887 1647 2949; baseline 0.001 -17"><span class='ocrx_word' id='word_1_375' title='bbox 47 2888 48 2891; x_wconf 69' lang='grc'>’</span> <span class='ocrx_word' id='word_1_376' title='bbox 104 2887 263 2947; x_wconf 75' lang='lat' dir='ltr'>filioque</span> <span class='ocrx_word' id='word_1_377' title='bbox 295 2891 559 2943; x_wconf 85' lang='lat' dir='ltr'>conveniunt,</span> <span class='ocrx_word' id='word_1_378' title='bbox 600 2891 634 2934; x_wconf 86' lang='lat' dir='ltr'>si</span> <span class='ocrx_word' id='word_1_379' title='bbox 667 2891 703 2934; x_wconf 91' lang='lat' dir='ltr'>id</span> <span class='ocrx_word' id='word_1_380' title='bbox 734 2890 889 2947; x_wconf 86' lang='lat' dir='ltr'>inquam</span> <span class='ocrx_word' id='word_1_381' title='bbox 916 2898 1096 2933; x_wconf 84' lang='lat' dir='ltr'>metuens</span> <span class='ocrx_word' id='word_1_382' title='bbox 1116 2904 1343 2946; x_wconf 76' lang='lat' dir='ltr'>germanam</span> <span class='ocrx_word' id='word_1_383' title='bbox 1370 2891 1492 2949; x_wconf 82' lang='lat' dir='ltr'>patris</span> <span class='ocrx_word' id='word_1_384' title='bbox 1510 2905 1556 2934; x_wconf 86' lang='lat' dir='ltr'>ac</span> <span class='ocrx_word' id='word_1_385' title='bbox 1578 2892 1647 2934; x_wconf 78' lang='lat' dir='ltr'>lilii</span> 
     </span>
     <span class='ocr_line' id='line_1_43' title="bbox 29 2952 1644 3012; baseline 0.001 -12"><span class='ocrx_word' id='word_1_386' title='bbox 29 3003 34 3010; x_wconf 73' lang='lat'>,</span> <span class='ocrx_word' id='word_1_387' title='bbox 103 2952 303 3001; x_wconf 67' lang='lat' dir='ltr'>tutionem</span> <span class='ocrx_word' id='word_1_388' title='bbox 339 2960 515 3011; x_wconf 66' lang='lat' dir='ltr'>auferat,</span> <span class='ocrx_word' id='word_1_389' title='bbox 560 2973 609 3002; x_wconf 94' lang='lat' dir='ltr'>eo</span> <span class='ocrx_word' id='word_1_390' title='bbox 639 2960 792 3002; x_wconf 88' lang='lat' dir='ltr'>demum</span> <span class='ocrx_word' id='word_1_391' title='bbox 825 2958 1044 3011; x_wconf 88' lang='lat' dir='ltr'>relabetur,</span> <span class='ocrx_word' id='word_1_392' title='bbox 1089 2958 1206 3001; x_wconf 83' lang='lat' dir='ltr'>talem</span> <span class='ocrx_word' id='word_1_393' title='bbox 1237 2966 1279 3001; x_wconf 86' lang='lat' dir='ltr'>ut</span> <span class='ocrx_word' id='word_1_394' title='bbox 1317 2959 1438 3002; x_wconf 77' lang='lat' dir='ltr'>filium</span> <span class='ocrx_word' id='word_1_395' title='bbox 1476 2967 1644 3012; x_wconf 82' lang='lat' dir='ltr'>asserat,</span> 
     </span>
     <span class='ocr_line' id='line_1_44' title="bbox 105 3026 1647 3087; baseline 0.001 -15.95"><span class='ocrx_word' id='word_1_396' title='bbox 105 3026 234 3084; x_wconf 71' lang='lat' dir='ltr'>qunti·</span> <span class='ocrx_word' id='word_1_397' title='bbox 253 3034 347 3071; x_wconf 81' lang='lat' dir='ltr'>suut</span> <span class='ocrx_word' id='word_1_398' title='bbox 367 3027 524 3085; x_wconf 77' lang='lat' dir='ltr'>opificia</span> <span class='ocrx_word' id='word_1_399' title='bbox 544 3028 716 3085; x_wconf 82' lang='lat' dir='ltr'>reliqua,</span> <span class='ocrx_word' id='word_1_400' title='bbox 758 3042 831 3070; x_wconf 89' lang='lat' dir='ltr'>uec</span> <span class='ocrx_word' id='word_1_401' title='bbox 852 3028 958 3070; x_wconf 86' lang='lat' dir='ltr'>illum</span> <span class='ocrx_word' id='word_1_402' title='bbox 979 3026 1139 3070; x_wconf 85' lang='lat' dir='ltr'>omniuo</span> <span class='ocrx_word' id='word_1_403' title='bbox 1161 3026 1283 3071; x_wconf 83' lang='lat' dir='ltr'>lilium</span> <span class='ocrx_word' id='word_1_404' title='bbox 1306 3028 1490 3087; x_wconf 82' lang='lat' dir='ltr'>appellet.</span> <span class='ocrx_word' id='word_1_405' title='bbox 1549 3026 1647 3071; x_wconf 85' lang='lat' dir='ltr'>Ete-</span> 
     </span>
    </p>
   </div>
   <div class='ocr_carea' id='block_1_6' title="bbox 0 2595 55 2999">
    <p class='ocr_par' dir='ltr' id='par_1_9' title="bbox 0 2595 55 2999">
     <span class='ocr_line' id='line_1_45' title="bbox 0 2595 55 2999; baseline 0 263"><span class='ocrx_word' id='word_1_406' title='bbox 0 2595 55 2999; x_wconf 95' lang='lat' dir='ltr'> </span> 
     </span>
    </p>
   </div>
  </div>
 </body>
</html>
