2020 3276
389 207 571 243 rammi
594 207 678 241 ms.
698 207 756 240 ιιι.
776 207 885 241 ΤοΜ.
904 207 931 240 ι.
954 205 1087 240 nana.
1109 205 1272 238 cxxvi.
1522 194 1604 237 253

62 285 337 342 <Oulat-
354 286 415 331 Χ.
477 285 603 329 lustat
633 286 823 343 oppositis
854 285 1072 327 rationibus
1099 291 1140 326 et
1168 283 1411 340 argumentis
1448 282 1603 335 Aetius,

54 357 275 409 {abdicit
302 356 467 399 vocibus
498 356 667 398 hnmano
694 355 854 410 ingenio
885 354 1085 395 fabricatis
1123 352 1455 409 comprehendere
1492 352 1605 393 deum
1677 357 1697 385 0

58 424 238 482 anien,
269 439 316 467 ac
333 423 596 475 certissimam
618 422 812 465 evidentis
832 422 919 464 lidei
943 435 1051 476 spem
1074 421 1287 462 dictionum
1310 435 1468 462 suarum
1489 434 1606 475 argo-

60 493 127 537 tiis
159 493 341 536 mutilare
376 493 635 534 contendeus.
698 489 833 546 ltaque
867 490 1067 532 dissimilis
1102 489 1332 530 vocabulum
1366 488 1609 531 dissimiliter

61 561 291 614 committit,
332 567 373 604 et
397 561 589 603 dictiones
609 560 706 602 alias
737 560 824 601 aliis
849 559 895 600 ad
925 557 1179 600 evertendum
1203 557 1367 610 inserit,
1413 565 1520 600 ntea
1546 571 1607 599 ra·

60 630 393 682 Sammaei-i,
437 629 555 672 lilium
578 629 699 685 patris
725 641 816 670 esse
839 627 1090 677 dissimilem,
1135 627 1236 681 quod
1260 626 1342 667 lieri
1367 626 1473 668 nullo
1494 626 1608 667 modo

61 704 207 758 'deal-
268 695 403 754 Quare
435 697 518 739 suis
554 698 638 753 ipse
669 696 910 754 syllogismis
944 709 991 737 ac
1022 694 1239 736 rationibus
1274 695 1465 751 capietur.
1538 691 1607 736 Sic

59 767 167 815 uii-
201 766 395 824 disputat:
437 764 483 808 Si
520 766 696 822 perfecta
725 765 777 807 sit
808 763 941 820 genita
975 762 1155 814 soboles,
1198 763 1335 804 eadem
1367 763 1406 804 iu
1433 763 1609 818 ingenito

61 835 169 890 us,
190 849 285 878 *noo
315 848 371 877 ex
402 834 451 876 iis
481 848 582 890 quae
615 848 702 875 eum
732 833 781 876 ab
804 832 981 888 ingenito
1007 831 1239 887 gigneretur
1261 831 1444 873 obtinuit.
1504 829 1607 872 Nam

63 903 196 962 genita
215 910 357 947 natura
384 903 424 945 in
448 902 623 959 ingenita
644 901 862 944 substantia
886 915 976 943 esse
1001 915 1078 942 non
1103 906 1256 957 potest;
1299 907 1408 942 esset
1429 899 1532 941 enim
1557 899 1610 941 si·

63 971 292 1023 adflent,
334 979 376 1014 et
396 985 476 1013 uon
500 978 624 1013 esset.
683 969 788 1012 Nam
819 969 921 1026 quod
945 969 1119 1025 genitum
1152 975 1235 1021 est,
1278 968 1494 1025 ingenitum
1532 983 1610 1010 non

65 1047 151 1094 σα,-
187 1046 229 1083 ot
247 1040 349 1096 qast
371 1039 587 1096 ingenitum
612 1046 698 1091 est,
741 1038 916 1094 genitum
942 1052 1020 1080 non
1046 1036 1134 1079 snit.
1195 1036 1350 1094 Quippe
1380 1036 1609 1078 dissimilem

64 1108 231 1165 aliq-a·
250 1107 326 1151 deo
347 1115 496 1165 partem
519 1107 691 1149 tribuere
713 1107 907 1149 maledieti
929 1107 969 1148 iu
988 1120 1075 1148 eum
1095 1120 1141 1148 ac
1160 1106 1422 1148 contumeliae
1438 1105 1609 1162 speciem

60 1177 258 1235 ²‚praalon-t
320 1174 386 1219 Ex
419 1176 559 1232 quibus
593 1176 691 1218 falsa
725 1175 828 1218 illius
863 1189 911 1217 ac
943 1174 1157 1217 mendaciis
1190 1176 1339 1217 referta
1362 1173 1612 1216 convincitur

67 1245 218 1298 oratio,
256 1243 374 1301 idque
401 1245 607 1301 perspicue
641 1250 817 1295 constat,
860 1243 1086 1286 dissimilem
1121 1244 1240 1300 patris
1270 1257 1360 1285 esse
1390 1243 1506 1286 lilium
1534 1258 1612 1285 uon

62 1325 213 1370 ροισι,
243 1326 371 1369 neque
406 1314 605 1370 perlectae
636 1311 830 1354 divinitati
864 1312 968 1354 illius
1002 1312 1262 1368 inaequalem.
1325 1310 1482 1353 Etenim
1513 1325 1613 1368 quae

68 1380 230 1424 onan»
252 1381 360 1424 velut
385 1388 546 1424 coaetus
568 1381 785 1437 eloquitur,
829 1395 875 1422 ea
899 1381 1120 1422 sententiae
1145 1394 1242 1423 suae
1268 1380 1465 1423 contraria
1488 1381 1613 1423 disse-

67 1449 142 1502 rit,
180 1449 271 1492 dam
303 1450 460 1492 assidue
491 1449 664 1506 genitum
702 1456 740 1491 et
778 1450 992 1504 ingenitum
1022 1449 1136 1491 nobis
1168 1449 1355 1491 obtrudit.
1424 1447 1539 1492 Unde
1573 1454 1614 1491 et

64 1517 170 1575 qnod
190 1518 239 1560 ad
261 1524 433 1560 enatum
455 1518 749 1574 increatumque
771 1525 946 1575 spectat,
985 1517 1078 1559 illud
1105 1532 1180 1559 uua
1204 1518 1358 1560 discere
1381 1517 1518 1570 debet,
1559 1517 1615 1560 al-

66 1593 195 1630 taro-
224 1599 312 1628 cum
338 1586 464 1629 altero
495 1587 640 1629 nullam
666 1587 867 1642 diguitatis
897 1586 1212 1628 communionem
1238 1586 1404 1639 babere3
1450 1600 1550 1642 quae
1574 1586 1614 1629 iu

68 1653 268 1712 suposita
292 1661 354 1697 est
372 1661 415 1697 ut
441 1661 563 1697 totum
585 1656 638 1697 sit
656 1655 888 1698 adoratione
913 1656 1242 1712 prosequendum.
1304 1652 1350 1697 Si
1380 1654 1483 1696 euim
1511 1655 1612 1710 quod

42 1737 45 1739 ·
68 1722 260 1767 dini-ita
287 1729 351 1766 eet
369 1737 458 1766 cum
483 1737 532 1765 eo
554 1723 665 1766 cuius
691 1724 879 1766 dissimile
901 1733 962 1766 est
987 1724 1246 1780 adaequatum
1267 1723 1421 1780 penitus
1443 1721 1497 1764 sit
1521 1723 1615 1765 ado-

69 1791 250 1844 raudum,
272 1805 376 1835 auus
391 1791 439 1834 ab
461 1792 660 1835 universis
681 1792 775 1835 nibil
801 1806 852 1835 ex
870 1792 935 1835 illa
958 1793 1138 1835 oratione
1160 1792 1458 1849 discrepaverit.
1508 1791 1612 1834 Tum

68 1859 172 1903 oni-
194 1860 460 1903 conditionum
492 1860 559 1903 illa
587 1860 861 1904 dissimilitudo
888 1861 927 1903 in
956 1875 1029 1903 suo
1059 1860 1196 1903 ordine
1229 1875 1277 1903 ac
1300 1860 1489 1917 dignitate
1521 1874 1615 1902 con-

70 1927 187 1972 unsri
208 1941 289 1971 nou
314 1927 480 1985 poterit3
513 1929 667 1971 tametsi
685 1944 803 1971 uuum
825 1930 917 1972 illud
943 1930 1109 1980 ceteris,
1154 1943 1255 1986 quae
1279 1930 1480 1972 dissimilia
1506 1936 1613 1982 sunt,

69 1995 279 2054 „ludere
303 2010 351 2039 ae
376 1997 501 2052 gloria
525 1998 761 2040 antecellere
785 1998 961 2051 dicatur,
1005 1998 1056 2040 ob
1093 2012 1228 2040 eorum
1263 1998 1614 2040 dissimilitudinem

70 2077 171 2122 qnae
199 2078 287 2107 eam
319 2078 398 2107 ono
420 2066 639 2109 consociari
676 2066 971 2123 compararique
998 2081 1076 2109 nou
1107 2074 1286 2123 possunt.
1348 2065 1615 2122 Quamobrem

71 2133 301 2176 cotandem
327 2147 394 2176 rea
415 2134 564 2176 recidet
586 2142 628 2176 ut
649 2136 734 2187 sol,
767 2136 880 2184 luna,
913 2136 1067 2187 sidera,
1099 2142 1231 2188 terra,
1273 2142 1388 2191 atque
1418 2136 1467 2178 iis
1496 2137 1615 2178 ctiam

70 2201 262 2245 iuferiora
281 2215 460 2258 quaeque
483 2203 681 2245 adoranda
704 2203 933 2256 videantur,
967 2217 1093 2260 neque
1116 2205 1152 2246 id
1176 2204 1241 2246 uni
1265 2219 1352 2246 cum
1373 2219 1452 2246 uuo
1475 2205 1616 2262 spiritu

71 2269 309 2328 pnoeipium
342 2284 388 2313 ac
420 2271 618 2328 peculiare
642 2272 717 2325 sit,
761 2286 861 2328 quae
891 2280 953 2315 est
981 2287 1056 2315 uua
1085 2272 1264 2325 trinitas,
1307 2273 1492 2315 divinitas
1520 2287 1613 2325 unia,

71 2337 394 2396 “singulariter
422 2340 637 2383 adoranda.
711 2339 962 2398 Quapropter
986 2342 1029 2383 si
1068 2341 1141 2383 boc
1174 2342 1289 2383 modo
1322 2341 1510 2396 colligere
1540 2341 1615 2382 ista

71 2408 179 2461 Boot,
210 2423 298 2452 eum
317 2409 375 2451 rei
397 2410 564 2452 veritate
585 2416 891 2452 consentaneum
915 2409 992 2452 erit
1013 2411 1113 2466 quod
1133 2410 1286 2452 dicitu&
1348 2408 1491 2465 Neque
1512 2409 1617 2451 euim

72 2490 191 2521 num
210 2477 372 2520 verbum
394 2477 630 2533 reliquorum
651 2476 779 2519 simile
799 2484 876 2529 est,
909 2491 1036 2534 neque
1059 2478 1159 2520 lilius
1182 2492 1282 2519 uuus
1307 2477 1396 2519 aliis
1419 2477 1614 2529 omnibus,

73 2546 139 2603 qui
161 2559 231 2604 per
253 2545 479 2602 allegoriam
514 2547 570 2587 sic
598 2546 864 2602 appellantur,
908 2546 1098 2603 aequalis.
1158 2544 1263 2588 Nam
1288 2545 1392 2587 inter
1420 2545 1518 2587 alios
1547 2545 1618 2587 mi-

72 2614 179 2659 nime
202 2622 409 2667 censetur,
452 2615 520 2658 sed
546 2629 614 2671 per
635 2628 722 2656 eum
745 2613 810 2656 isti
836 2615 1028 2671 procreati
1054 2622 1160 2656 sunt.
1223 2612 1282 2656 lta
1311 2614 1411 2670 quod
1437 2614 1618 2671 impossi-

0 2668 18 2739 l,
67 2682 154 2728 'bile
195 2683 308 2727 initio
348 2684 550 2741 proposuit
588 2682 752 2735 Aetius,
800 2683 979 2739 quodque
1010 2682 1269 2725 contumeliae
1309 2682 1347 2724 iu
1386 2683 1523 2735 deum,
1571 2697 1617 2725 ac

7 2787 33 2801 ,.
75 2750 271 2797 maledicti
309 2753 479 2809 speciem
522 2751 712 2804 habebat,
756 2751 805 2793 ob
838 2751 940 2793 illam
980 2765 1094 2807 quam
1126 2751 1333 2794 affinxerat
1361 2750 1436 2793 deo
1466 2758 1616 2807 partem

0 2807 23 2841 ³
76 2822 197 2878 (quae
217 2820 370 2877 quidem
395 2835 473 2863 nou
493 2820 755 2872 differentiae,
776 2820 845 2862 sed
869 2818 1115 2876 aequalitatis
1131 2833 1221 2876 pars
1238 2826 1325 2870 est,
1357 2819 1457 2861 adeo
1477 2827 1519 2862 ut
1537 2833 1614 2862 nou

6 2887 18 2921 ³⁷ss
77 2889 131 2933 ait
153 2889 341 2947 particula
367 2889 573 2941 diviuitas,
617 2903 717 2945 quae
742 2887 1028 2946 perfectissima
1053 2901 1210 2944 semper
1230 2895 1293 2931 est
1315 2888 1354 2930 in
1380 2887 1503 2931 tribus
1526 2902 1615 2945 per-

20 2965 23 2969 ’
78 2958 191 3002 foetis
212 2956 456 3011 consistens,
489 2971 566 3000 una
590 2957 811 3011 divinitas),
837 2956 933 3008 hoc,
965 2956 1138 3012 inquam,
1171 2955 1313 3013 ipsum,
1346 2956 1446 3014 quod
1469 2957 1517 3000 de
1537 2957 1617 3001 dis-

77 3024 194 3071 simili
213 3027 370 3080 iniecit,
401 3027 451 3069 ad
476 3026 682 3069 veritatem
705 3025 919 3068 catholicae
945 3024 1034 3068 fidei
1057 3023 1385 3068 corroborandam
1410 3025 1615 3083 plurimum
