1976 3262
431 209 613 245 rfflsnn
638 210 721 245 un.
739 211 798 245 m.
820 212 931 246 Tou.
949 213 975 246 1.
1000 213 1131 247 naun.
1151 212 1313 247 Lxxm.
1563 204 1642 246 105

95 282 165 355 ’ἢ
180 287 328 342 verba,
368 291 543 332 Famam
570 293 677 331 sem·
691 294 902 345 acceptent,
945 301 983 333 et
1010 296 1049 334 in
1073 295 1354 335 snm’litudinem
1380 294 1644 348 honthmsa-

100 365 214 408 om,
245 370 406 400 comem
427 358 536 401 illum
558 372 580 400 e
601 358 756 415 virgine
778 360 994 416 sumpsisse
1016 361 1231 403 declarant.
1292 359 1560 417 Quamobrem
1579 360 1645 404 illa

95 426 184 484 ips·
203 436 467 484 cat-osquam·
493 425 555 469 dei
578 427 684 470 filius
707 427 855 479 induit,
887 428 1023 470 eadem
1052 436 1114 470 εει
1139 443 1224 471 cum
1263 437 1484 472 ceterorum
1521 429 1645 472 bomi-

0 503 7 543 μ
93 491 189 541 ’11-
211 507 356 549 onrne3
396 495 445 537 ad
470 495 666 538 bominum
692 509 789 538 vero
814 496 1107 538 similitudinem
1142 511 1230 538 esse
1254 498 1418 550 dicitur,
1462 497 1644 555 quoniam

4 614 10 620 ¹
96 577 178 607 no·
199 562 306 606 viu-iti
324 569 414 606 satu
435 577 482 606 ac
505 564 714 607 concubitu
737 564 933 607 bominum
959 578 1070 607 more
1093 572 1306 622 prognatus
1329 574 1406 609 εει.
1465 565 1559 609 Non
1581 580 1647 609 se-

96 645 170 676 a·
186 628 378 684 mnu-s,
419 646 507 675 cum
531 632 693 689 spiritus
718 632 794 685 sit,
826 640 866 675 et
890 633 1050 690 spiritus
1071 647 1092 674 a
1115 641 1227 690 patre
1252 634 1302 676 sit
1326 636 1506 690 genitus,
1550 649 1645 692 qua-

96 706 213 744 tenus
244 699 405 757 spiritus
435 714 459 743 a
488 701 628 758 spiritu
658 701 822 758 prodiit,
855 701 957 743 idem
988 709 1051 743 est
1078 715 1166 744 cnm
1195 702 1284 754 illo,
1328 702 1430 745 sicut
1453 712 1645 760 quatenus

96 781 192 813 m
222 782 277 812 cx
306 782 427 812 carne
458 770 582 812 factus
614 776 698 822 est,
744 768 899 812 Mariae
923 769 1130 822 videlicet,
1177 770 1277 812 idem
1311 778 1371 812 est
1394 786 1480 814 cnm
1506 786 1642 815 carne.

94 835 224 881 Pom
255 844 450 895 qnatenus
482 838 569 880 siue
598 838 813 895 profluvio,
857 839 1040 895 passione
1075 852 1122 880 ac
1156 838 1351 881 divisione
1376 840 1453 881 ulla
1484 855 1506 882 a
1534 847 1645 897 patre

0 902 2 930 ἶ
94 906 254 964 μυίας
284 913 368 960 cst,
410 906 530 964 patris
553 906 797 959 estsimilis,
838 921 914 949 nec
938 907 1040 949 idem
1064 921 1151 949 cnm
1175 921 1248 959 eo,
1294 908 1352 949 sic
1385 915 1426 949 ει
1449 908 1549 951 filius
1581 923 1645 951 se·

9 1203 13 1206 ·
99 1171 216 1224 hod·
237 1179 304 1224 filii
325 1180 548 1237 hypostasis
573 1181 695 1238 patris
716 1181 917 1239 hypostasi
941 1183 993 1224 sit
1017 1182 1180 1236 similis3
1212 1182 1374 1240 spiritus
1401 1183 1506 1225 enim
1530 1197 1551 1225 a
1579 1197 1647 1240 pa-

97 975 265 1018 *
288 987 471 1028 carnem,
512 990 560 1016 ac
581 978 861 1018 similitudinem
885 978 1072 1017 hominum
1088 977 1219 1030 sactus
1243 983 1322 1026 est,
1368 990 1443 1018 nec
1462 985 1524 1020 εει
1542 978 1645 1020 idem

98 1042 263 1087 omnino·
288 1057 377 1086 cnm
406 1043 579 1086 bomine.

212 1109 339 1169 igitur
371 1111 413 1154 in
442 1112 608 1169 epistola
642 1113 689 1155 ad
720 1110 992 1170 Philippenses
1029 1113 1102 1156 boc
1143 1114 1208 1156 ille
1245 1128 1318 1156 nos
1348 1114 1503 1166 docuit,
1546 1129 1644 1171 qno-
1678 1112 1794 1193 ἐκ]

99 1256 165 1292 tro
188 1249 452 1306 pmgreditur.
512 1247 648 1304 Quare
680 1249 715 1291 si
746 1249 907 1305 spiritns
939 1251 1139 1293 notionem
1161 1251 1416 1304 consideres,
1461 1251 1562 1293 idem
1586 1259 1648 1294 εει

98 1329 190 1360 οι·
219 1316 348 1374 'patrm
406 1315 578 1360 Perinde
611 1332 659 1360 ae
690 1317 821 1360 carnis
852 1319 956 1361 illum
995 1320 1103 1362 notio
1125 1320 1227 1361 idem
1251 1334 1339 1362 cum
1370 1320 1527 1363 bomine
1552 1334 1648 1363 con-

97 1382 261 1428 sumit(
299 1383 394 1428 Non
417 1385 520 1428 idem
542 1400 640 1429 vero
667 1394 743 1439 est,
777 1388 846 1429 sed
871 1387 1009 1430 similis
1032 1389 1239 1442 duntaxat,
1271 1396 1464 1445 quatenus
1486 1387 1647 1446 spiritus

8 1508 10 1510 Ι
96 1451 187 1507 itta,
216 1453 285 1510 qni
305 1453 409 1496 fliius
435 1461 520 1506 est,
554 1469 632 1496 non
654 1462 714 1496 est
737 1463 862 1512 pater.
924 1455 979 1498 Et
1000 1457 1065 1498 illa
1093 1470 1209 1509 caro,
1243 1471 1356 1513 quam
1381 1458 1456 1500 sibi
1482 1458 1646 1501 verbum

97 1521 299 1574 adiunxit,
341 1535 420 1565 non
445 1536 469 1564 e
499 1522 603 1565 virili
630 1531 717 1565 satu
744 1537 790 1565 ac
812 1525 1014 1582 voluptate
1037 1526 1323 1582 proficiscitur,
1367 1527 1437 1569 sed
1459 1540 1508 1568 eo
1531 1527 1647 1569 modo

97 1589 233 1647 quiin
265 1591 475 1647 evangelio
514 1592 694 1634 traditur.
767 1591 841 1634 His
874 1593 992 1650 igitur
1022 1594 1228 1646 omnibus,
1270 1602 1314 1637 ut
1347 1602 1464 1637 antea
1503 1595 1646 1637 dictum

12 1699 13 1703 ,
96 1665 174 1712 est,
212 1659 535 1716 quemadmodum
569 1660 697 1712 lilius,
740 1668 933 1717 quatenus
964 1670 1025 1705 εει
1055 1677 1100 1704 ac
1128 1663 1310 1705 subsistit
1331 1664 1439 1720 ipse,
1480 1663 1580 1719 patri
1602 1663 1643 1706 in

97 1727 277 1770 omuibus
299 1727 352 1770 sit
371 1727 532 1780 similis,
573 1728 679 1771 lilius
702 1744 774 1772 nos
794 1731 967 1772 edocuit.
1029 1730 1364 1787 Quemadmodum
1390 1747 1486 1775 vero
1509 1732 1648 1774 volun·

97 1802 177 1838 ωε
198 1803 240 1839 ει
262 1796 419 1839 actione
442 1796 704 1854 operibusque
726 1798 779 1840 sit
801 1798 963 1852 similis,
1006 1813 1059 1841 ex
1081 1800 1248 1856 epistola
1278 1801 1324 1842 ad
1355 1799 1558 1843 Romanos
1591 1801 1648 1843 di·

96 1862 279 1934 dicimus,
309 1864 376 1907 ubi
398 1865 464 1908 illc
486 1866 601 1918 dixit,
634 1869 679 1907 In
699 1870 946 1909 similitudine
968 1873 1098 1910 carnis·
1113 1873 1266 1924 peccati
1284 1872 1544 1911 condemnavit
1555 1885 1646 1923 pec—
1664 1879 1752 1909 Rom.
1764 1879 1792 1916 s,
1806 1879 1834 1907 s.

2 1927 16 2000 ¹
94 1940 221 1975 cnun-
242 1936 284 1975 in
305 1947 434 1975 car-ne.
494 1932 600 1977 Nam
625 1934 688 1977 illa
714 1949 831 1987 caro,
864 1951 978 1992 quam
1004 1937 1066 1979 dei
1091 1937 1191 1980 lilius
1214 1937 1361 1990 induit,
1395 1938 1486 1980 licet
1511 1939 1646 1980 eadem

7 2000 17 2014 '·
95 2008 205 2045 essct
225 2014 314 2044 cun
337 2013 458 2044 carne
484 2003 658 2059 peccati,
703 2011 744 2046 et
767 2005 905 2046 eodem
931 2006 1048 2047 modo
1074 2006 1121 2048 ad
1150 2007 1317 2060 famem,
1360 2006 1489 2059 sitim,
1530 2014 1647 2062 atque

95 2082 302 2123 mum,
343 2084 422 2127 quo
455 2070 604 2127 reliqua
630 2085 723 2115 caro
742 2073 871 2115 omnis
893 2073 1183 2131 impelleretur,
1230 2075 1288 2117 bis
1312 2082 1441 2117 tamen
1467 2075 1647 2117 omnibus

94 2150 341 2196 nequaquam
362 2139 411 2181 ad
434 2147 596 2196 peccata
618 2140 904 2184 concitabatur.
966 2141 1182 2200 Propterea
1212 2143 1312 2186 dixit
1332 2144 1560 2201 apostolus,
1602 2148 1647 2185 In
1665 2153 1852 2190 lou-‚sas

93 2209 343 2250 mane
359 2211 490 2249 car-1212:
508 2211 677 2262 peceati,
723 2211 825 2265 qnod
852 2211 989 2252 eodem
1014 2225 1101 2254 cnm
1131 2212 1199 2254 illo
1234 2213 1398 2265 recidit,
1442 2215 1649 2265 Quaecum-

94 2290 168 2332 que
182 2279 280 2318 entia
296 2284 412 2331 pater
424 2278 545 2331 facit,
591 2279 684 2318 lance
703 2285 743 2318 ee
752 2280 870 2332 filius
891 2281 1068 2320 similiter
1078 2282 1198 2335 sacer.
1261 2280 1366 2323 Nam
1392 2288 1504 2338 pater
1517 2314 1528 2333 ‚
1560 2296 1646 2323 cum

95 2345 149 2389 sit
168 2344 356 2404 spiritns,
397 2352 580 2401 tanquam
611 2346 814 2403 principali
837 2348 953 2389 modo
976 2348 1090 2400 facit,
1133 2349 1235 2391 lilius
1266 2363 1363 2391 vero
1394 2350 1458 2405 qni
1491 2357 1532 2391 et
1562 2350 1647 2406 ipsc

97 2413 259 2471 spiritns
283 2420 371 2467 est,
413 2427 491 2455 non
519 2413 719 2470 principali
745 2415 885 2468 modo,
925 2416 1036 2459 velut
1060 2424 1195 2474 pater,
1238 2419 1307 2460 sed
1333 2418 1515 2460 similiter
1537 2418 1644 2459 facit.

96 2480 295 2539 Quocirca
315 2483 349 2525 si
371 2496 530 2525 carnem
552 2483 746 2538 utrimque
767 2491 940 2539 spectes,
961 2485 1062 2527 idem
1086 2493 1149 2528 est
1173 2501 1260 2528 cum
1289 2486 1509 2529 bominibus
1531 2483 1648 2529 Chri·

94 2555 204 2604 stu,
251 2551 573 2608 quemadmodum
596 2551 629 2593 si
662 2551 840 2607 spiritum
871 2552 1067 2609 utrimque
1097 2562 1276 2611 spectes,
1328 2555 1428 2596 idem
1466 2561 1527 2596 est
1559 2568 1646 2596 cum

95 2625 223 2677 patre.
285 2617 367 2662 lam
402 2627 594 2676 quatenus
626 2620 712 2661 sinc
734 2621 885 2662 semiue
907 2621 1065 2677 genitos
1088 2629 1173 2675 est,
1224 2637 1301 2665 non
1324 2622 1424 2664 idem
1448 2629 1532 2675 εει,
1577 2624 1646 2665 sed

97 2687 263 2741 sinilisg
306 2688 469 2746 perinde
495 2695 613 2744 atque
635 2696 828 2745 quatenus
850 2691 936 2731 sine
967 2691 1160 2746 profluvio
1179 2691 1259 2733 ullo
1283 2705 1329 2732 ac
1347 2691 1531 2748 passione
1556 2706 1646 2748 pro-

97 2756 219 2800 cessit
243 2757 370 2809 filins,
411 2771 489 2800 non
513 2758 615 2800 idem
642 2764 724 2809 est,
767 2758 836 2800 sed
858 2757 1020 2801 similis:
1063 2766 1259 2815 quatenus
1284 2773 1380 2801 vero
1407 2763 1448 2801 in
1470 2762 1645 2802 similim-

97 2823 185 2867 δὴ
201 2833 262 2867 eet
277 2829 408 2867 carnis
424 2829 585 2881 peecata‘,
622 2840 699 2868 non
724 2826 824 2868 idem
849 2832 911 2867 est
933 2841 1020 2868 cum
1044 2827 1175 2869 carnis
1200 2827 1542 2881 commotionibus,
1575 2829 1644 2871 sed

30 2922 31 2926 =
97 2892 252 2938 similis.
309 2891 406 2938 Non
429 2895 544 2938 aliter
570 2902 686 2952 atque
716 2894 816 2937 idem
839 2894 905 2951 qui
927 2896 1202 2939 commotionis
1230 2896 1333 2939 illius
1354 2896 1645 2940 similitudinem

7 3000 9 3004 ’
96 3009 198 3050 m
243 3006 331 3044 καθὸ
353 3009 404 3042 ed.
425 3010 535 3044 Poeno.
892 3004 1015 3044 ταύτὸν
1037 3011 1162 3043 uncinis
1180 3012 1300 3043 nuova
1319 3011 1478 3046 mm.

142 3053 176 3088 ὁ.
201 3054 301 3089 Verbo
323 3053 383 3089 καὶ
412 3052 500 3091 msa
533 3074 552 3081 -
570 3074 591 3081 -
625 3054 684 3090 καὶ
714 3054 847 3100 πνεῦμα
937 3053 969 3089 6.
998 3055 1095 3099 Vulgo
1118 3051 1228 3102 ὅπερ
1252 3046 1320 3094 οὖν.
