2020 3276
422 250 605 285 numu
626 250 712 284 Lm.
728 249 788 283 m.
810 249 920 284 Tou.
938 250 981 284 Π.
1003 249 1138 283 men.
1154 249 1330 282 Lxxvn.
1567 238 1649 280 355

107 328 305 376 {fii-nu
326 335 369 373 et
389 329 521 373 deum.
580 328 672 373 Nisi
706 330 808 373 enim
834 329 874 372 in
905 344 1071 386 corpore
1093 330 1189 372 deus
1213 329 1436 379 extitisset,
1479 341 1550 370 cur
1570 333 1652 370 sta-

106 395 176 444 fl
196 397 314 456 'eique
333 398 383 441 de
403 397 532 441 Maria
556 399 774 456 processit,
805 402 1030 440 Emmanuel
1045 406 1210 441 vocatus
1229 406 1306 450 est,
1338 400 1440 452 quod
1457 405 1516 438 ese
1532 399 1651 438 inter·
1667 401 1841 465 Βίῗὲἆῇῑῑ·

99 463 294 525 W
311 468 514 509 muscum
531 471 653 509 deus?
707 465 855 510 Paulus
876 481 996 519 vero,
1040 466 1117 508 nisi
1140 467 1302 510 verbum
1327 467 1365 508 in
1389 479 1508 508 carne
1532 466 1649 518 foret,
1705 472 1730 508 k
1749 458 1807 500 ²ss

106 531 384 580 *nemum
408 535 586 579 scribere
615 536 690 579 ista
720 536 785 593 qui
813 536 962 593 potuit,
1004 538 1070 577 Ex
1092 537 1228 589 quibus
1253 537 1427 576 Chr-tetus
1444 543 1502 576 est
1520 549 1654 576 seeun-
1671 538 1762 569 Rom.
1776 539 1804 575 ⁹,
1814 539 1840 566 ⁵·

76 615 81 627 ‘
105 606 195 654 h
213 618 368 649 men
394 610 466 662 qm·
492 614 551 648 est
579 620 694 660 super
724 608 848 646 omnia
870 608 964 647 deus
989 605 1204 645 benedebtus
1228 607 1267 644 in
1292 606 1444 645 saecula
1457 635 1468 653 ,
1503 607 1655 645 Amen?

108 670 375 730 Quamobrem
397 674 462 732 qui
490 682 606 717 autea
628 681 873 730 negaverant
893 687 982 716 eum
1005 673 1070 729 qui
1091 672 1305 714 crucifixus
1323 679 1386 714 est
1410 686 1499 715 esse
1521 673 1653 725 deum,

107 754 285 787 errorem
309 757 423 786 suum
447 750 666 800 agnoscant
693 758 738 786 ac
761 742 904 785 divinis
928 742 1108 784 omnibus
1139 741 1263 783 literis
1289 741 1400 782 fidem
1427 741 1654 792 adhibeant,

107 811 178 854 ”d
201 810 384 855 Thomna
416 811 674 869 praesertim,
719 811 785 868 qui
815 825 902 854 cum
927 810 966 852 in
993 808 1155 854 Christo
1179 810 1379 852 clavorum
1404 809 1573 865 vestigia
1598 809 1656 852 vi-

108 878 232 923 m
252 880 519 932 exclamavit,
552 883 734 922 Dominus
757 895 860 922 meus
879 888 917 921 el
940 882 1032 921 deus
1051 894 1169 920 meus.
1232 876 1358 920 Filius
1380 878 1500 930 enim,
1534 879 1655 920 idem·
1703 883 1809 949 Iazuge-

109 942 302 1007 §.vitm
323 962 371 992 ac
385 948 537 1006 gloriae
559 948 740 991 dominus
764 949 805 990 in
827 962 877 991 eo
900 962 1082 1005 corpore,
1114 947 1217 1004 quod
1241 961 1311 1004 per
1331 962 1520 990 summam
1543 947 1656 1003 igno-
1743 940 1753 956 ’
1805 939 1812 947 ’

108 1015 269 1060 ninia·
292 1017 418 1060 eluvie
443 1018 640 1060 confixum
665 1031 712 1060 ac
733 1017 1031 1060 dehonestatum
1059 1018 1212 1068 fuerat,
1255 1016 1416 1058 omuino
1441 1016 1654 1058 residebat.

111 1081 269 1144 &qu
298 1085 425 1143 ipsum
453 1100 551 1128 vero
581 1086 620 1128 in
657 1101 774 1129 cruce
805 1087 1045 1143 perforatum
1079 1085 1212 1141 utique
1245 1085 1488 1142 patiebatur,
1532 1092 1571 1127 et
1605 1099 1660 1128 ex

111 1153 200 1198 ein
230 1153 358 1197 latere
387 1155 550 1211 sanguis
579 1168 665 1196 cum
699 1168 800 1210 aqua
830 1154 1041 1197 diffluebat.
1104 1153 1255 1196 Verum
1280 1168 1365 1195 cum
1397 1153 1518 1195 divini
1545 1154 1657 1196 verbi
1674 1158 1747 1188 Lue-
1763 1158 1861 1194 ²⁹,ss-

113 1222 296 1281 toefluu
318 1218 461 1276 esset,
481 1229 567 1265 erat
589 1222 793 1265 divinitate
818 1222 1100 1279 plenissimum.
1163 1221 1291 1278 Quam
1319 1222 1368 1264 ob
1392 1237 1572 1265 caussam
1599 1223 1661 1265 sol

111 1291 216 1350 ipae,
241 1305 330 1334 cum
353 1298 553 1334 auctorem
577 1305 689 1333 suum
715 1299 791 1334 tam
817 1305 961 1348 graves
984 1290 1026 1333 iu
1048 1291 1194 1333 misero
1214 1305 1380 1347 corpore
1401 1292 1660 1334 contumelias

112 1359 347 1404 tolerantem
367 1360 535 1413 videret,
567 1359 688 1402 radiis
709 1374 756 1402 ac
775 1360 862 1402 luce
886 1373 1097 1417 suppressa
1118 1367 1261 1402 terram
1285 1360 1459 1402 tenebris
1477 1360 1658 1413 obduxit,

113 1441 258 1486 corpu
279 1435 410 1471 eutem
433 1427 587 1471 mortali
616 1435 757 1470 natura
779 1428 995 1485 praeditum
1018 1442 1135 1485 supra
1159 1436 1325 1472 naturae
1347 1442 1443 1472 suae
1469 1429 1662 1471 conditio-

113 1510 209 1541 ne·
233 1504 394 1555 propter
422 1497 608 1550 verbum,
650 1498 751 1554 quod
774 1496 922 1558 inipso
947 1505 1055 1549 erat,
1099 1512 1121 1539 a
1147 1499 1313 1541 mortuis
1341 1498 1556 1540 excitatum
1582 1505 1661 1550 est,

114 1572 156 1609 et
174 1579 200 1610 ι
218 1565 386 1609 amnti
416 1566 667 1622 corruptione
692 1565 897 1608 liberatum
918 1565 1030 1608 verbi
1051 1565 1241 1622 quoddam
1266 1566 1375 1608 velut
1395 1566 1662 1609 indumentum

114 1639 178 1692 ep!
207 1635 377 1687 notun,
422 1647 587 1691 cumque
619 1634 766 1687 verbo,
811 1634 911 1690 quod
949 1634 1155 1676 humanam
1193 1634 1456 1677 conditionem
1484 1642 1662 1692 superat,

114 1701 226 1747 vdut
243 1702 387 1746 amictu
406 1703 573 1759 quodam
597 1702 823 1745 obvolutum
844 1709 966 1755 esset,
1000 1702 1264 1760 corruptionis
1283 1711 1346 1746 est
1366 1718 1511 1760 expers
1536 1704 1664 1746 reddi-

115 1777 213 1815 tun.
270 1769 387 1828 Quod
411 1778 543 1814 autem
576 1772 624 1814 ad
647 1771 923 1813 nonnullorum
955 1772 1094 1814 inanes
1118 1786 1242 1828 nugas
1268 1780 1308 1814 et
1332 1781 1551 1816 commenta
1576 1787 1665 1830 per-

116 1840 240 1893 unet,
276 1840 345 1897 q'ui
366 1846 411 1882 ut
436 1840 476 1881 in
508 1840 682 1896 reliquos
713 1839 923 1896 prophetas
953 1855 1115 1893 omnes,
1156 1841 1212 1884 ita
1236 1848 1276 1883 et
1303 1842 1342 1884 iu
1366 1857 1484 1884 unum
1513 1842 1619 1884 illum
1642 1855 1665 1883 e

114 1906 248 1952 unvi-
267 1914 400 1952 netum
425 1907 622 1951 hominem
639 1907 812 1951 divinum
838 1909 1002 1951 verbum
1029 1910 1209 1967 illapsum
1233 1924 1324 1954 esse
1350 1911 1548 1963 sentiunt,
1581 1910 1667 1967 plu-

118 1976 230 2020 n‘bue
252 1989 301 2020 οι
324 1977 373 2019 de
393 1990 437 2020 re
463 1977 662 2034 disputare
681 1991 1016 2034 supervacaneum
1039 1986 1114 2020 est.
1150 1978 1301 2022 Horum
1326 1980 1465 2036 quippe
1486 1980 1605 2022 stulta
1626 1986 1667 2021 et

117 2044 250 2103 inepte
275 2044 479 2103 ”nuncio
501 2045 708 2088 manifeste
733 2060 780 2088 ac
813 2046 900 2089 siue
933 2047 1013 2089 ullo
1048 2047 1206 2103 negotio
1237 2048 1498 2091 convincitur.
1558 2046 1664 2090 Num

117 2113 154 2156 ei
174 2111 227 2156 ed
249 2126 337 2156 eum
366 2113 522 2156 modum
551 2112 618 2156 ille
652 2114 875 2167 descendit,
918 2130 989 2158 cur
1021 2129 1043 2158 e
1066 2117 1219 2171 virgine
1255 2124 1370 2159 natus
1392 2131 1470 2159 non
1503 2131 1557 2159 ex
1580 2117 1667 2160 viro

119 2181 342 2238 feminaque
361 2188 569 2237 susceptus
591 2188 669 2235 eet,
701 2183 1023 2238 quemadmodum
1045 2185 1172 2226 sancti
1194 2199 1331 2228 omues
1357 2185 1396 2227 in
1421 2186 1545 2228 lucem
1572 2186 1666 2228 editi

120 2250 305 2296 kemut?
360 2246 448 2293 Cur
482 2263 570 2292 cum
601 2250 656 2292 itu
686 2250 849 2295 verbum
873 2251 1052 2309 illapsum
1077 2252 1152 2305 sit,
1195 2267 1275 2295 uon
1301 2253 1416 2296 etiam
1445 2262 1668 2298 ceterorum

119 2318 426 2374 uniuscuiusque
458 2332 565 2360 mors
599 2325 735 2361 nostra
766 2333 907 2363 caussa
932 2320 1097 2364 tolerata
1121 2321 1285 2374 dicitur,
1331 2323 1399 2364 sed
1426 2323 1541 2366 huius
1571 2323 1669 2365 dun-

122 2394 234 2431 taxat
264 2387 410 2430 unius?
467 2384 553 2429 Cur
585 2401 672 2428 cum
707 2387 745 2429 iu
773 2387 950 2444 singulos
981 2389 1190 2446 prophetas
1221 2390 1392 2432 divinum
1427 2405 1470 2433 se
1506 2391 1667 2433 verbum

122 2454 406 2508 insinuaverit,
449 2455 488 2497 in
522 2469 570 2497 eo
592 2455 677 2497 solo
699 2455 761 2511 qui
786 2469 808 2498 e
832 2454 986 2509 Maria,
1028 2466 1143 2500 natus
1171 2465 1255 2509 est,
1288 2459 1326 2500 in
1354 2463 1669 2500 consummatione
1686 2471 1874 2508 minsas.

122 2527 380 2574 naulorum,
425 2524 548 2566 semel
581 2522 789 2565 advenisse
819 2523 989 2567 dicitur?
1046 2524 1131 2568 Cur
1153 2540 1239 2568 cum
1262 2528 1399 2569 eodem
1423 2529 1537 2570 modo
1562 2542 1604 2570 se
1630 2529 1670 2570 in

122 2593 231 2637 illum
263 2592 472 2645 infuderit,
516 2606 593 2648 quo
626 2592 663 2634 in
697 2591 848 2649 priores
874 2607 1011 2635 omnes
1033 2602 1190 2637 sanctos
1214 2596 1496 2648 descenderat,
1531 2596 1670 2652 reliqui

124 2675 265 2706 onnes
284 2662 455 2705 noudum
475 2668 564 2718 post
583 2668 747 2703 mortem
772 2670 1049 2715 surrexerunt,
1073 2662 1182 2705 solus
1204 2664 1268 2705 ille
1291 2678 1388 2706 vero
1409 2665 1475 2720 qui
1497 2678 1519 2706 e
1539 2662 1671 2707 Maria

125 2730 281 2787 genitus
311 2737 395 2783 est,
440 2730 555 2773 tertia
588 2729 650 2772 die
683 2729 886 2771 surrexit?
945 2728 1029 2773 Cur
1065 2745 1151 2773 cum
1186 2732 1321 2774 eudem
1352 2746 1427 2788 qua
1451 2733 1490 2774 iu
1514 2740 1671 2776 ceteros

125 2799 278 2842 ratione
301 2797 474 2851 divinum
496 2798 601 2841 illum
626 2798 786 2840 verbum
810 2798 1009 2855 delapsum
1040 2798 1114 2850 sit,
1156 2814 1257 2843 uuus
1281 2799 1344 2842 illa
1370 2813 1422 2843 ex
1447 2798 1578 2844 Maria
1602 2817 1672 2846 na—

126 2875 189 2911 tus
214 2865 443 2909 Emmanuel
477 2867 713 2924 appellatur,
759 2867 869 2922 quasi
900 2881 1042 2923 corpus
1074 2867 1197 2923 ipsum
1231 2868 1433 2911 divinitate
1463 2871 1671 2927 repletum,

128 2942 169 2979 et
194 2935 242 2978 ab
273 2949 321 2979 ea
353 2941 483 2979 natum
517 2935 721 2978 extiterit?
778 2932 881 2977 Nam
912 2934 1145 2978 Emmanuel
1176 2935 1276 2978 idem
1307 2937 1503 2994 signifieat
1526 2953 1572 2982 ac
1595 2941 1675 2981 No-

128 3005 393 3065 ba‘aecumsdeus.
457 3001 542 3047 Cur
567 3004 600 3046 si
627 3004 674 3046 ad
701 3017 788 3046 eum
815 3004 969 3046 modum
992 3003 1229 3057 accesserit,
1259 3020 1344 3048 cum
1371 3014 1532 3051 sauctus
1561 3009 1675 3065 quili-

1291 3075 1386 3121 23*
