1976 3262
439 182 623 218 neuen
647 181 732 216 ue.
750 182 809 215 m.
830 181 940 216 ΤοΜ.
961 182 988 214 1.
1013 180 1147 215 nane.
1170 179 1334 213 Lxxut.
1575 168 1655 209 10⁷

0 280 16 337 'f
107 264 242 318 net,
272 263 411 316 filins,
431 262 741 306 administrando
763 275 851 303 cum
874 268 984 317 patre
1007 262 1137 302 facere
1159 260 1317 309 dieitur,
1350 272 1429 301 aon
1449 257 1550 300 idem
1565 269 1656 298 esse

0 338 2 342 ’
105 333 197 377 eum*
213 332 299 385 illo,
331 339 402 374 ιιι
418 330 622 389 principali
642 330 756 372 modo
778 330 930 371 faeere.
992 327 1096 370 Nam
1122 340 1390 384 quaecumque
1412 333 1523 383 pater
1545 324 1653 376 facit,

105 401 240 445 fldem
267 407 309 444 et
330 400 478 452 ntia-s
497 408 577 441 nou
600 398 738 440 eodem
765 404 895 439 tamen
920 397 1059 447 modo,
1102 397 1171 438 sed
1207 396 1390 438 similiter
1420 394 1528 438 facit.
1590 391 1656 437 Ex

3 513 22 524 s
104 470 285 514 &vero
312 467 495 511 omnibus
517 467 764 524 perspicuum
788 473 850 508 est
874 465 997 507 filium
1017 465 1055 506 in
1080 464 1260 507 omnibus
1289 465 1410 521 patris
1432 477 1523 507 esse
1548 462 1657 505 simi-

104 537 198 591 Ιώ,
216 537 543 595 quenadmodum
560 536 662 578 lilius
687 534 808 591 patris
829 547 919 576 esse
940 533 1080 575 similis
1099 532 1231 583 debet,
1264 547 1288 574 a
1313 547 1391 588 quo
1414 531 1571 590 proprie
1596 537 1659 573 εει

103 605 344 663 aelejp'time
364 605 538 661 genitos.
601 602 697 646 illud
719 603 822 646 enim
847 609 909 644 est
931 601 1165 652 absurdum,
1209 601 1326 643 fitium
1352 601 1437 651 dei,
1482 599 1658 656 quisae·

0 709 9 728 ‚s
104 675 205 718 eus·
221 673 405 717 enatus
430 673 610 715 anterior
632 679 723 724 est,
766 678 807 713 et
835 670 1069 713 naturaliter
1095 671 1192 711 deus
1218 683 1240 710 a
1263 670 1337 711 deo
1363 675 1471 725 patre
1499 681 1657 724 proces-

1 740 15 803 ξ
104 744 180 796 &⁴3
222 752 311 786 eum
341 747 500 800 praeter
530 748 711 783 naturam
738 754 850 782 suam
877 740 992 781 homo
1017 746 1079 781 est
1104 752 1159 781 ex
1180 736 1308 780 Maria
1333 737 1489 792 virgine
1513 738 1655 789 factus,

10 807 21 845 7³
103 810 348 868 ineo-im,
389 809 493 866 quod
512 816 672 866 praeter
693 816 872 851 naturam
897 807 1087 859 habebat,
1129 806 1364 849 naturalium
1386 805 1582 847 hominum
1604 805 1658 846 si-

105 879 236 923 milem
257 878 466 930 extitisse3
507 885 665 934 praeter
687 884 868 920 naturam
892 884 1021 918 autem
1043 883 1129 918 erat
1150 875 1204 918 illi
1226 875 1289 931 qui
1321 875 1418 916 deus
1441 881 1572 926 esset,
1617 881 1658 915 ut

106 949 223 992 bono
242 947 380 999 fleret,
411 953 453 988 at
475 946 515 988 io
537 960 610 999 eo,
644 947 745 1002 quod
770 944 843 1001 ipsi
870 944 1050 986 naturale
1072 951 1157 996 est,
1199 958 1276 986 non
1300 957 1391 985 esse
1413 942 1559 999 patris,
1593 941 1658 997 qui

105 1029 151 1060 se
170 1015 378 1074 genuerit,
409 1015 592 1058 similem.
652 1013 698 1057 Si
721 1014 823 1056 enim
848 1013 888 1055 in
913 1027 986 1066 eo,
1018 1013 1120 1069 quod
1146 1020 1302 1069 praeter
1324 1018 1501 1053 naturam
1525 1010 1656 1062 habet,

106 1098 245 1129 eorum
263 1083 403 1126 similis
421 1091 483 1126 est
503 1083 642 1139 quibus
663 1083 756 1125 illud
779 1083 903 1138 ipsum
928 1082 1162 1124 naturaliter
1184 1081 1394 1132 convenit,
1429 1079 1550 1121 multo
1576 1093 1659 1120 ma·

21 1183 26 1186 -
105 1154 169 1211 gie
186 1153 233 1197 i·
253 1164 329 1206 ee,
370 1153 474 1209 quod
498 1151 675 1194 naturale
697 1158 736 1194 et
755 1150 916 1194 insitum
938 1151 1055 1192 habet
1069 1183 1080 1203 ,
1125 1150 1248 1207 patris
1269 1149 1374 1191 illius
1397 1148 1537 1190 similis
1562 1147 1656 1198 erit,

107 1234 236 1280 tipo
266 1220 501 1265 annaliter
533 1227 594 1262 est
622 1227 662 1262 et
693 1220 866 1276 legitime
896 1220 1069 1275 genitus.
1130 1217 1236 1261 Hinc
1268 1218 1401 1273 itaque
1437 1216 1659 1272 colligimus

108 1291 228 1344 itt-d,
263 1290 372 1347 'quod
407 1289 606 1340 diximus,
649 1288 815 1331 similem
848 1289 890 1330 iu
917 1288 1097 1331 omnibus
1122 1302 1211 1330 esse
1234 1287 1356 1344 patris
1376 1286 1496 1328 filium
1521 1300 1575 1328 ex
1595 1299 1660 1327 sa-

105 1370 264 1404 euorum
285 1357 473 1401 librorum
504 1357 740 1399 auctoritate
767 1356 1013 1413 pronuntiari
1039 1357 1201 1413 insuper
1221 1363 1430 1413 oportere,
1474 1355 1660 1411 quemad-

106 1427 262 1471 modum
294 1425 435 1470 similis
466 1426 664 1468 notionem
698 1425 747 1468 iis
778 1439 879 1481 quae
912 1426 1094 1482 proxime
1124 1425 1518 1468 commemoravimus
1546 1423 1660 1466 nobis

20 1525 28 1532 -
104 1495 307 1553 apo-tatus
327 1494 501 1538 tradidit.
561 1492 720 1536 Etenim
742 1494 881 1536 similis
901 1502 978 1547 est,
1006 1502 1199 1550 quatenus
1219 1494 1301 1536 vita
1324 1506 1378 1535 ex
1399 1493 1496 1545 vita,
1529 1493 1660 1534 lumen

31 1564 34 1566 ’
106 1563 328 1620 ela-ine,
358 1576 480 1607 verus
502 1576 559 1605 ex
580 1576 694 1615 vero,
729 1570 768 1604 et
791 1563 986 1619 sapientia
1007 1577 1031 1605 a
1054 1563 1231 1619 sapiente
1256 1561 1448 1619 procedit.
1508 1562 1659 1618 Atque,

105 1639 152 1677 ιι
178 1645 261 1676 tuo
291 1631 415 1675 verbo
453 1631 603 1683 dicam,
644 1631 782 1673 iisdem
816 1645 839 1672 e
871 1631 1078 1688 scripturis
1117 1638 1272 1674 constat
1306 1646 1385 1673 non
1422 1630 1581 1672 actione
1614 1644 1661 1672 ae

20 1750 23 1755 ,
106 1701 311 1746 volunta
327 1700 454 1743 aotam
475 1700 597 1752 illius,
628 1699 699 1742 sed
721 1701 937 1742 secundum
962 1701 1036 1742 hoc
1059 1700 1185 1756 ipsum
1219 1701 1321 1756 quod
1346 1707 1432 1751 est,
1464 1707 1506 1741 et
1534 1698 1662 1741 subsi-

105 1771 199 1823 stit,
239 1776 358 1826 atque
378 1768 540 1820 existit,
582 1767 750 1811 similem
770 1769 810 1811 in
833 1769 1014 1812 omnibus
1039 1783 1131 1811 esse
1161 1769 1289 1826 patri,
1332 1769 1396 1825 qui
1429 1782 1474 1811 se
1506 1767 1660 1824 genuit,

12 1859 29 1919 *t*
105 1838 429 1896 quemadmodum
459 1838 561 1895 patri
591 1836 697 1880 filius
721 1837 862 1880 similis
882 1846 960 1880 est.

14 1920 21 1932 ³
219 1905 339 1963 Quod
356 1906 393 1951 ei
414 1906 508 1949 novi
530 1906 584 1948 itti
609 1906 796 1949 haeretici
819 1906 1022 1949 nobiscum
1044 1906 1289 1963 disputantes
1309 1906 1527 1963 ingenitum
1549 1904 1661 1962 geni·
1675 1910 1755 1956 Cap.
1768 1910 1867 1943 XIX.

107 1974 484 2033 tumqoedixerint,
518 1975 577 2018 sie
600 1975 679 2018 illis
700 1990 980 2018 occurremus:
1014 1975 1199 2032 quoniam
1216 1975 1464 2019 substantiae
1498 1989 1659 2026 nomen,

106 2059 185 2102 quo
207 2051 343 2102 potres
363 2043 424 2087 usi
446 2050 561 2095 sunt,
604 2057 652 2087 eo
677 2046 779 2101 quod
804 2045 843 2086 in
867 2046 1064 2102 scriptura
1085 2059 1164 2087 non
1186 2051 1323 2097 extat,
1366 2045 1468 2087 mala
1495 2044 1573 2086 fide
1598 2057 1662 2085 re-

106 2113 302 2172 pudiatis,
345 2126 472 2168 oeque
505 2126 578 2154 nos
609 2113 772 2169 ingeniti
803 2113 1063 2165 vocabulum,
1105 2122 1287 2169 tanquam
1312 2113 1460 2170 scripto
1485 2128 1564 2156 non
1589 2127 1662 2155 ex-

106 2194 310 2238 pensum,
340 2180 595 2224 admittimus.
653 2179 757 2223 Nam
782 2181 1050 2239 incorruptum
1073 2182 1253 2239 quidem,
1299 2190 1340 2224 et
1372 2197 1451 2224 non
1483 2189 1662 2239 aspecta-

106 2250 250 2303 ΒΜ,
292 2255 336 2293 ει
370 2249 629 2292 immortalem
664 2256 782 2292 vocat
815 2251 1042 2307 apostolus,
1086 2251 1303 2307 ingenitum
1336 2265 1434 2294 vero
1473 2265 1661 2307 nusquam

106 2317 303 2376 telique·
336 2318 568 2361 nominavit.
612 2318 796 2360 >Accedit
831 2321 933 2375 quod
962 2320 1188 2376 ingenitus,
1231 2320 1285 2362 uti
1316 2319 1514 2372 diximus,
1563 2334 1662 2361 non·

107 2387 197 2432 dum
214 2387 343 2444 ipsam
366 2387 491 2444 patris
512 2386 712 2428 notionem
736 2387 958 2443 siguificat,
1003 2402 1130 2445 neque
1157 2389 1333 2445 genitum
1356 2389 1512 2445 proprie
1537 2388 1660 2430 mium

109 2455 313 2514 exprimit,
334 2456 404 2499 aed
426 2455 474 2498 ad
499 2454 629 2497 omnia
656 2456 844 2512 producta
872 2458 1135 2500 communiter
1157 2457 1343 2514 pertinet.
1376 2456 1481 2499 Nam
1506 2457 1570 2513 qui
1593 2470 1662 2511 ge·

107 2525 231 2569 eitun
263 2524 380 2575 dicit,
421 2524 650 2581 productum
683 2524 865 2580 quiddam
896 2525 1041 2581 aliquid
1067 2540 1156 2569 esse
1191 2527 1459 2577 demonstrat,
1504 2525 1662 2567 minime

108 2600 239 2636 tameo
281 2593 428 2645 tilium,
486 2593 551 2649 qui
593 2593 642 2635 ab
685 2600 848 2635 aeterno
892 2594 1103 2650 productus
1144 2595 1413 2650 concipiatur,
1471 2594 1657 2636 ostendit.

109 2658 377 2717 Quamobrem
409 2676 496 2704 eum
528 2662 591 2704 dei
625 2662 747 2704 lilium
771 2662 820 2703 ab
845 2668 1009 2704 aeterno
1035 2663 1299 2720 intelligamus
1327 2663 1527 2714 existere,
1567 2662 1660 2705 illud

107 2730 235 2788 ilicum
257 2742 400 2773 nomen
425 2739 629 2787 praeterea
656 2744 899 2786 nequaquam
920 2730 1182 2783 admittimus,
1214 2731 1396 2787 quoniam
1425 2730 1546 2788 patris
1570 2731 1660 2774 mii·

18 2858 19 2863 1
108 2810 185 2856 que
205 2812 348 2842 nomeu
369 2799 417 2842 ad
440 2799 543 2842 aliud
568 2800 747 2856 quiddam
774 2799 1036 2842 habitudinem
1063 2800 1278 2856 significat.
1343 2798 1455 2843 Uude
1478 2800 1571 2844 licet
1593 2815 1660 2857 pa-

154 2934 401 2970 mv.xlx.—
428 2936 454 2972 l.
468 2934 558 2972 κενοὶ
577 2938 669 2971 codd.
692 2946 765 2970 mss.
780 2939 863 2969 uter-
910 2934 1012 2972 δίπου
1032 2938 1080 2971 ed.
1106 2937 1215 2972 Petov.

109 2991 179 3025 qua.
951 2982 983 3016 3.
1007 2979 1142 3018 οὐδέπω
1172 2984 1265 3017 codd.
1293 2994 1366 3018 mas.
1394 2988 1522 3028 utrque
1551 2988 1581 3019 et
1607 2985 1656 3019 ed.

0 3035 3 3100 ἱ
153 3028 185 3062 ².
208 3023 344 3066 οὐδέπω
362 3029 456 3063 codd.
474 3038 547 3062 msa.
566 3032 594 3062 et
614 3030 654 3062 ed
670 3031 771 3070 princ.
805 3024 860 3065 oii-
902 3030 1006 3071 princ.
1053 3025 1198 3066 odaeum
1219 3031 1267 3065 ed.
1290 3031 1400 3068 Palae.
