2020 3276
177 625 245 655 m-
260 617 319 646 988-

358 177 441 220 320
925 184 1091 219 εΑΝσΤῐ
1113 184 1338 219 nummu

357 261 550 317 ἀληθινὸς
585 261 684 313 θεὸς
710 265 1056 319 προςαγορευθείς.
1117 261 1229 306 Κατά
1261 262 1304 305 δὲ
1335 259 1406 306 τᾶν
1434 261 1559 306 αὑτοῦ
1583 261 1701 319 λόγον
1725 262 1796 306 καὶ
1817 261 1902 307 διά·

358 350 471 375 νοιαν
493 330 520 387 ἢ
542 331 698 387 ἀναιρεῖ
712 330 756 374 τὸ
778 328 876 374 εἰναι
893 329 963 374 τόν
984 330 1075 374 υἰὸν
1095 329 1215 383 θεόν,
1246 331 1314 373 καὶ
1333 329 1460 386 μάτην
1481 336 1725 385 συκοφαντεῖ
1738 328 1783 374 τό
1809 328 1900 375 ὅνο-

358 419 433 455 μα,
481 398 718 457 Χριστιανός
745 397 789 442 τὸ
813 397 941 454 ὄνομα
963 405 1187 442 καλεῖσθαι·
1229 397 1258 454 ἢ
1293 404 1311 430 ⁹
1325 397 1385 442 ὅτι
1405 397 1503 443 θεόν
1522 399 1594 454 μὲν
1614 401 1688 455 ἔχει
1709 397 1778 443 τόν
1796 397 1901 452 υίδν,

357 467 437 511 ἀλλ’
456 469 533 512 οὐκ
563 466 776 523 ἀληθινόν,
818 468 885 511 καὶ
916 468 1022 510 ἔσται
1052 468 1162 527 αὐτῷ
1188 465 1244 518 εἷς
1266 466 1365 518 θεὸς
1393 466 1608 522 ἀληθινὸς,
1651 468 1719 511 καὶ
1745 464 1802 518 εἷς
1825 465 1902 511 οὑκ

358 536 562 592 ἀληθινός.
625 534 739 579 Κατά
759 536 801 579 δὲ
824 534 1022 591 ὑπόβασιν
1043 537 1111 579 ἕνα
1133 533 1203 589 ὑφ’
1227 534 1316 586 ἒνός
1338 533 1526 592 εὑρίσκων
1550 537 1607 580 ἔτι
1629 537 1698 579 καὶ
1719 534 1765 580 τό
1787 534 1902 593 ἅγιον

357 611 513 660 πνεῦμα
536 607 577 649 έν
599 605 809 663 μικροτέρα
841 605 909 648 καὶ
941 603 1171 664 ἀποδεούσῃ
1202 603 1307 655 τάξει
1330 603 1497 655 τάττων,
1539 602 1568 659 ἢ
1586 603 1647 648 ὅτι
1667 603 1901 662 μικρότερον

356 673 473 717 πάλιν
492 672 594 718 θεὸν
616 675 710 725 ἕξει,
750 671 779 728 ἢ
797 677 847 732 τῇ
866 674 997 730 τριάδι
1019 670 1074 727 μὴ
1097 675 1356 728 συναριθμῶν
1379 677 1494 716 τοῦτο
1519 673 1625 716 ἔσται
1650 671 1902 716 παντάπασιν

358 741 561 799 ἀλλότριον
594 745 844 798 Χριστιανῶν
876 740 920 784 τὸ
953 739 1118 785 ἐλεεινόν
1148 739 1459 797 ἀνθρωπάριον,
1503 741 1572 783 καὶ
1601 739 1743 785 λοιπόν
1758 739 1904 796 Ἕλλην

360 809 659 868 ἀποκηρυχθείη
691 811 948 862 τελειότατος,
995 810 1063 852 καὶ
1095 811 1372 859 Σαδδουκαῖος
1399 813 1454 867 τῷ
1477 806 1659 867 ἀριθμῷ,
1701 807 1904 866 ἀλλότριος

364 879 435 934 μὲν
468 882 541 922 τοῦ
564 877 787 934 πνεύματος
809 883 881 922 τοῦ
903 876 1038 935 ἀγίου,
1079 875 1134 927 ὥς
1155 878 1223 920 καὶ
1243 878 1369 930 ἔστιν,
1397 875 1559 932 ’Ἕλλησι
1585 877 1629 920 δὲ
1649 876 1903 935 συγκρινόμε·

359 966 428 999 νος
455 953 503 1008 τῇ
523 950 672 1004 μερίδι,
714 949 782 991 ἕνα
815 947 885 1002 μὲν
913 945 1013 989 θεὸν
1043 945 1211 999 φάσκων
1242 946 1383 1002 μέγαν,
1422 946 1491 989 καὶ
1521 947 1592 989 ἕνα
1623 944 1790 1003 μικρόν,
1834 946 1903 989 ἵνα

359 1015 575 1071 ἀληθινὸν,
605 1017 672 1059 καὶ
698 1017 767 1058 ἕνα
790 1015 866 1058 οὐκ
889 1013 1103 1070 ἀληθινόν,
1145 1011 1199 1064 οὖς
1210 1013 1397 1069 Ἕλληνες
1419 1012 1702 1071 ὄμολογοῦσιν,
1744 1015 1814 1058 ἕνα
1834 1014 1901 1070 μέ-

360 1103 433 1142 γαν
454 1083 575 1138 θεόν,
606 1082 700 1135 τούς
722 1084 765 1127 δὲ
781 1082 922 1134 ἄλλους
943 1081 1109 1140 μικρούς
1129 1081 1398 1137 ὀνομάζοντες·
1428 1087 1499 1138 τῆς
1520 1085 1635 1133 θείας
1654 1087 1815 1140 γραφῆς
1833 1080 1903 1125 αὑ·

331 1142 343 1157 ⁹
360 1152 430 1196 τόν
450 1157 588 1207 σαφῶς
605 1152 855 1209 ἐλεγχούσης,
885 1154 954 1195 καὶ
976 1152 1064 1207 περὶ
1084 1149 1234 1208 πατρὸς
1261 1151 1333 1206 μὲν
1354 1151 1544 1208 λεγούσης
1563 1149 1618 1202 ῶς
1646 1148 1671 1195 ὅ
1692 1149 1792 1201 θεὸς
1812 1147 1904 1206 ἀλη-

359 1219 498 1274 θινός,
528 1222 594 1264 καὶ
615 1222 705 1276 περὶ
724 1223 816 1264 υἷοῦ
840 1219 884 1264 τὸ
906 1219 1004 1270 θεὸς
1026 1217 1232 1272 ὥςαύτως,
1269 1221 1392 1263 ιοκαὶ
1415 1221 1504 1277 περὶ
1531 1217 1702 1278 πατρός,
1739 1217 1792 1262 Τὸ
1815 1222 1905 1273 φῶς

360 1288 384 1334 ὁ
403 1288 518 1343 θεὸς,
547 1291 636 1347 περὶ
659 1290 702 1333 δὲ
725 1291 835 1342 υἱοῦ,
859 1284 934 1332 Ἦν
956 1287 1000 1332 τό
1025 1292 1114 1342 φῶς
1133 1287 1176 1331 τὸ
1199 1287 1415 1343 ἀληθινόν,
1445 1289 1513 1332 καὶ
1535 1289 1627 1346 περὶ
1648 1285 1766 1346 ἀγίου
1785 1287 1904 1331 πνεύ-

360 1376 480 1414 ματος
502 1357 583 1410 ὅτι,
630 1356 682 1401 Τὸ
703 1363 858 1413 πνεῦμα
876 1363 946 1413 τῆς
969 1355 1172 1412 ἀληθείας.
1228 1355 1447 1412 Ἀληθινῶς
1469 1360 1604 1401 τοίνυν
1625 1354 1722 1413 ἡμῖν
1742 1354 1770 1412 ἦ
1790 1354 1905 1415 τριάς

359 1428 650 1485 καταγγέλλεται
679 1428 720 1470 έν
747 1429 871 1486 σοφίᾳ
899 1428 967 1470 καὶ
997 1424 1118 1482 βάθει
1147 1424 1334 1469 πλούτου.

475 1561 576 1606 Εἶτα
610 1562 726 1607 πάλιν
758 1563 996 1613 ἀκολούθως
1028 1564 1147 1618 φησὶ,
1193 1564 1274 1606 Καὶ
1303 1560 1382 1606 ὑπὸ
1419 1566 1493 1605 τοῦ
1525 1561 1811 1612 ἀποσταλέντος
1831 1558 1904 1616 ’1η-

362 1637 436 1676 σοῦ
461 1637 650 1690 Χριστοῦ,
676 1633 742 1675 καὶ
768 1632 843 1675 οὐκ
867 1631 1022 1691 ᾐδέσθη
1056 1630 1285 1683 ἀπαξιώσας
1311 1629 1380 1674 τὸν
1404 1634 1598 1687 μονογενῆ
1628 1633 1729 1673 θεοῦ
1757 1627 1904 1685 ὀνόμα-

361 1720 449 1754 τος,
481 1700 577 1745 ἀλλά
607 1707 619 1731 ¹
637 1706 650 1731 ¹
665 1700 787 1756 μόνον
810 1705 913 1760 ψιλῇ
933 1705 981 1760 τῇ
1000 1701 1094 1752 λέξει
1115 1701 1317 1757 κέχρηται,
1348 1696 1403 1750 οἷς
1423 1699 1464 1742 έν
1486 1704 1568 1749 τοῖς
1588 1697 1778 1743 ἀνωτάτω
1801 1695 1905 1752 ὦμο-

361 1770 499 1827 λόγησε
522 1771 771 1823 κεφαλαίοις,
814 1770 887 1820 ἕως
914 1773 1036 1824 ψιλῆς
1061 1768 1279 1824 ὀνομασίας
1307 1769 1437 1823 νέμων
1459 1771 1514 1825 τῷ
1534 1769 1611 1826 υίῷ
1630 1765 1675 1810 τό
1698 1767 1815 1824 γέρας
1834 1770 1905 1810 τοῦ

364 1837 572 1893 ὀνόματος.
631 1839 750 1894 Λέγει
782 1837 825 1880 δὲ
851 1835 929 1894 πρὸ
951 1835 1108 1880 αἰώνων
1126 1834 1352 1880 ὑποστάντα
1381 1835 1565 1890 ἀληθῶς,
1603 1835 1672 1879 καὶ
1693 1833 1788 1878 ὄντα
1811 1834 1904 1890 ἀλη-

363 1912 451 1957 θῶς
471 1911 661 1964 γεννητῆς
680 1904 944 1956 ὑποστάσεως.
1004 1903 1243 1960 Διατηρήσει
1264 1905 1326 1958 δὲ,
1358 1905 1478 1960 φησὶ,
1518 1902 1599 1947 ἀπό
1620 1908 1691 1959 τῆς
1713 1900 1903 1959 ἀσεβείας.

365 1978 505 2019 Εἴωθε
525 1975 568 2017 δὲ
589 1978 699 2017 πᾶσα
730 1973 863 2029 φαύλη
884 1971 976 2030 γενὴ
1002 1971 1094 2023 τούς
1119 1971 1302 2028 12αὐτῆς
1323 1972 1499 2030 τρόπους
1521 1970 1655 2023 ἄλλοις
1676 1969 1905 2030 προλαμβά·

363 2061 446 2087 νειν
467 2061 507 2086 τε
527 2044 596 2086 καὶ
616 2044 873 2097 ἐπιφημίζειν.
936 2039 1018 2096 Ούχ
1041 2039 1148 2098 όρῶν
1170 2040 1244 2099 γάρ
1267 2043 1323 2092 εἰς
1344 2041 1421 2085 ὅσα
1441 2041 1654 2097 ἠσέβησεν,
1683 2038 1825 2084 ἕαυτόν
1844 2037 1906 2084 εὑ·

363 2115 462 2167 σεβῆ
480 2114 645 2166 νομίζει,
688 2109 742 2161 οἷς
764 2112 807 2153 οἷ
822 2108 895 2166 τήν
926 2112 1199 2167 παραπληξίαν
1228 2111 1459 2166 κεκτημένοι
1489 2111 1691 2166 νομίζουσι
1722 2108 1794 2164 μὲν
1815 2108 1906 2152 ἔαυ-

364 2179 458 2231 τοὺς
482 2182 525 2224 έν
549 2178 739 2236 φρονήσει
759 2176 878 2231 εἶναι,
918 2179 1012 2230 τούς
1038 2179 1080 2222 δὲ
1101 2177 1242 2229 ἄλλους
1262 2183 1566 2235 φρενητιῶντας.
1622 2175 1822 2220 Ἐνταῦθα
1847 2176 1904 2229 δὲ,

362 2248 428 2293 Ἐν
452 2253 611 2307 Χριστῷ
627 2246 778 2303 Ἰησοῦ,
808 2245 914 2299 οὑδὲ,
950 2251 1014 2306 Τῷ
1035 2249 1159 2306 κυρίῳ
1178 2245 1307 2302 ἡμῶν,
1337 2246 1547 2302 ἐτόλμησεν
1564 2243 1796 2299 ἀποδοῦναι,
1826 2242 1908 2288 ἀλλ’

365 2320 598 2374 εἰρωνικῶς,
635 2321 698 2376 Τῷ
719 2320 864 2372 σωτῆρι
887 2313 1022 2371 ἡμῶν,
1062 2317 1227 2370 ἔφησεν,
1266 2318 1334 2359 καί
1358 2329 1479 2371 φησι,
1518 2312 1583 2358 Δι’
1609 2308 1660 2358 οὑ
1681 2317 1789 2357 πᾶσα
1809 2311 1907 2364 δόξα

366 2391 421 2445 τῷ
440 2387 558 2443 πατρὶ
587 2386 654 2428 καὶ
674 2389 750 2427 νῦν
769 2386 837 2427 καὶ
862 2390 876 2415 ¹
889 2390 907 2414 ⁸
923 2383 984 2427 ἀεὶ
1008 2385 1077 2427 καὶ
1100 2386 1156 2434 εἰς
1179 2382 1274 2435 τοὺς
1294 2385 1442 2434 αἰῶνας
1463 2388 1543 2426 τῶν
1572 2381 1748 2435 αἰώνων,
1789 2379 1906 2437 ἀμήν.

370 2456 451 2498 Καὶ
475 2452 571 2497 adv&
596 2453 639 2496 δὲ
662 2451 705 2496 τὸ
733 2455 877 2505 εἰπεῖν,
921 2457 1038 2496 Πᾶσα
1059 2451 1176 2505 δόξα,
1207 2451 1319 2503 ὅπως
1345 2456 1606 2509 14περιαιροῖ
1621 2449 1692 2494 τᾶν
1714 2448 1804 2493 υἱόν
1823 2446 1906 2492 ἀπό

367 2529 437 2579 τῆς
457 2527 573 2578 τιμῆς
594 2538 633 2564 τε
655 2522 723 2564 καὶ
758 2519 878 2576 δόξης
907 2516 957 2564 οὗ
982 2521 1115 2572 οὐδεὶς
1149 2519 1326 2572 ἀνέξοιτό
1350 2537 1445 2564 ποτε
1465 2524 1545 2562 τῶν
1574 2517 1749 2573 εὐσεβῶν
1771 2519 1840 2562 καὶ
1863 2518 1907 2562 ἐκ

369 2590 593 2647 πνεύματος
622 2587 738 2648 άγίου
766 2588 838 2645 τὴν
866 2587 1021 2647 δωρεάν
1048 2594 1120 2644 τῆς
1149 2587 1344 2645 ἀληθινῆς
1371 2590 1536 2638 πίστεως
1563 2585 1793 2642 εἰληφότων.

491 2721 623 2760 Ταῦτα
639 2717 681 2760 δὲ
703 2714 831 2758 πάντα
850 2714 1102 2770 διαλαβόντες
1121 2713 1170 2758 τά
1191 2712 1272 2758 ὑπὸ
1296 2712 1438 2757 τούτου
1458 2717 1528 2755 τοῦ
1547 2712 1703 2755 Ἀετίου
1724 2712 1908 2768 εἰρημένα

371 2787 414 2829 ἐν
433 2788 651 2844 διαλεκτικῇ
670 2802 749 2827 τινι
766 2785 879 2843 τέχνῃ
902 2785 970 2826 καὶ
989 2787 1256 2842 συλλογιστικῇ
1285 2780 1456 2840 ὑπονοίᾳ
1476 2780 1736 2837 ἀνθρωπίνης
1758 2797 1907 2838 μαγγα-

371 2855 476 2903 νείας
488 2855 530 2896 ἐν
545 2855 773 2907 κεφαλαίοις
789 2850 850 2904 λζ’.
893 2849 964 2902 Οἷς
985 2856 1179 2907 νουνεχῶς
1192 2849 1295 2906 ὑμᾶς
1313 2851 1482 2904 ἐντυχεῖν
1497 2853 1811 2906 παρακαλοῦμεν,
1840 2849 1908 2894 καὶ

416 2932 448 2967 9.
476 2935 614 2976 Intellege
635 2928 659 2978 ἦ
686 2945 768 2969 auxo
798 2936 891 2969 αντεῖ
909 2929 964 2968 ’ὅτι
984 2935 1053 2969 κτλ.
1214 2932 1267 2966 11.
1291 2928 1389 2975 μόνον
1407 2931 1497 2964 codd.
1514 2939 1588 2963 mss.
1612 2928 1724 2973 μόνως
1737 2928 1812 2963 caiti
1826 2931 1908 2964 lan-i.

424 2979 471 3010 10.
507 2981 605 3011 Verba
635 2979 695 3014 καὶ
716 2991 778 3023 περ
822 2977 950 3023 πατρὸς
974 2998 1017 3004 -
1043 2977 1120 3023 περὶ
1214 2977 1262 3010 12.
1288 2972 1389 3010 αὐτοῦ
1413 2978 1523 3009 vitium
1547 2979 1590 3008 est
1613 2977 1685 3010 edit.
1713 2977 1819 3009 Petav.
1848 2977 1907 3008 Co·

374 3022 411 3059 δὲ
434 3023 504 3058 υἱοῦ
530 3026 651 3057 Petavii
672 3027 882 3066 interpretatio
902 3027 1045 3067 neglexit.
1167 3024 1226 3056 lon.
1249 3025 1342 3064 repet.
