1976 3262
420 228 605 263 mutan
629 228 712 262 ma.
737 228 796 262 m.
819 228 930 263 ΤοΜ.
951 229 975 262 1.
998 229 1133 263 men.
1154 228 1317 262 Lxxnt.
1589 218 1643 260 83

84 303 180 362 ῥα,
228 309 496 363 Ubt'sapt'ens?
558 310 631 350 Ubi
645 308 771 349 scriba
784 312 805 348 ?
866 309 940 348 Ubi
959 312 1192 363 conquisitor
1222 310 1371 350 saeculi
1395 309 1507 349 huius
1517 308 1552 360 2)
1582 319 1645 348 re·
1679 313 1754 344 lbid.
1773 314 1816 342 ²⁰·

91 375 313 434 davene,
345 377 490 419 nuttam
516 376 834 433 hic-sapientiam
860 377 1057 419 sermonis
1081 378 1373 430 accommodat3
1419 390 1468 418 ue
1495 374 1646 432 argutis

89 444 189 488 ἥσω
207 444 405 505 ,αἱίοηῖιῒπ
440 445 680 487 coniecturis
702 443 910 500 religiosus
942 445 991 486 de
1018 452 1127 500 patre
1164 446 1322 501 titioque
1346 458 1487 488 sensns
1519 443 1646 486 inanis

88 512 185 567 fiat,
230 513 324 571 quin
355 521 396 556 ut
430 513 480 555 ab
512 519 679 569 utroque
713 513 936 569 passionem
969 513 1185 554 excludens
1217 528 1397 566 omnem,
1442 519 1590 570 patrem
1623 526 1646 554 a

90 581 227 640 ηἱμο
245 582 343 624 citra
366 581 594 639 profluvium
618 588 688 623 aut
708 580 958 623 affectionem
990 580 1158 636 aliquam
1185 581 1306 623 silium
1340 582 1526 638 genuisse
1551 581 1647 624 side-

90 648 195 694 Ιῦιιε
220 650 419 703 declaret,
464 657 614 693 etcum
643 650 795 706 quidem
833 650 953 691 mium
984 649 1048 705 qui
1081 649 1180 706 patri
1210 650 1348 692 similis
1375 657 1414 691 et
1437 650 1484 692 ab
1509 651 1646 692 eodem

91 718 307 762 amdam
331 718 590 762 substantiam
611 719 791 774 genitus,
825 719 1023 775 perfectus
1043 731 1065 759 e
1085 718 1281 774 perfecto,
1316 719 1532 774 unicusque
1555 720 1646 762 sub-

84 787 230 840 dunt,
261 794 382 844 utque
406 786 480 829 boc
502 787 732 844 mysterium
759 786 846 828 sine
867 785 1181 828 ratiocinationis
1207 786 1443 829 adminicuto
1470 788 1556 829 sota
1580 803 1646 830 co-

91 855 243 914 gnitu-
259 855 606 912 'contemplatione
643 855 857 912 praedicet.
929 853 1005 897 Est
1041 855 1143 897 enim
1180 855 1387 897 admodum
1424 856 1645 909 ridiculum,

91 936 186 968 0-
203 924 269 981 qui
293 938 318 966 a
339 923 507 981 sapienti
538 924 613 966 deo
633 924 864 980 sapientiam
888 924 996 965 audit
1015 923 1214 976 existere,
1261 938 1332 980 pro
1355 938 1403 965 eo
1426 938 1472 966 ac
1494 925 1649 980 sapien-

92 998 157 1036 ter
177 1005 268 1036 sose
289 992 402 1035 novit
423 992 581 1049 genitae
603 1007 626 1034 a
648 1006 693 1034 se
714 991 930 1049 sapientiae
949 999 1098 1048 patrem
1122 1006 1235 1045 esse,
1270 992 1383 1034 ullam
1406 991 1470 1034 isti
1495 995 1650 1049 sapien-

93 1059 172 1104 the
192 1060 416 1118 passionem
438 1061 688 1113 adscribere,
730 1075 806 1116 quo
829 1060 878 1102 ab
901 1061 967 1103 itio
993 1061 1207 1102 secundum
1232 1061 1446 1103 essentiam
1479 1061 1649 1118 sapienti

93 1129 237 1173 sinitis
256 1127 447 1186 sapientia
469 1129 674 1172 subsistat.
734 1127 839 1171 Nam
861 1136 904 1171 ut
925 1129 1084 1186 sapiens
1109 1131 1205 1172 deus
1228 1143 1305 1171 non
1334 1130 1548 1186 sapientia,
1581 1143 1649 1172 ve-

8 1209 13 1213 ’
93 1197 153 1240 tut
170 1197 379 1240 affictione
407 1198 561 1254 atiqua,
594 1198 819 1254 praeditus,
850 1204 917 1240 aut
939 1197 1224 1254 compositione
1249 1198 1325 1240 ulla
1348 1199 1508 1255 sapiens
1531 1212 1552 1239 a
1579 1213 1650 1241 no-

93 1265 436 1323 bbi'utotiigitur,
477 1267 548 1308 sed
574 1266 863 1323 simplicissima
892 1265 1048 1308 ratione
1072 1273 1111 1308 et
1133 1267 1307 1309 essentia
1330 1281 1403 1309 sua
1429 1268 1516 1310 sine
1544 1282 1651 1310 com-

93 1334 292 1392 positione
313 1335 472 1392 sapiens
510 1341 593 1387 est,
637 1334 692 1377 ita
718 1349 845 1391 neque
880 1335 1097 1391 sapientia,
1141 1335 1206 1391 qui
1237 1334 1342 1378 silius
1366 1350 1457 1379 esse
1491 1335 1648 1389 dicitur,

94 1402 253 1446 affectio
273 1403 444 1460 putanda
468 1410 554 1455 est,
598 1404 666 1446 sed
692 1403 884 1460 sapientia
918 1403 1086 1460 ipsamet
1119 1404 1338 1447 substantia
1366 1412 1450 1457 est,
1494 1405 1542 1446 ab
1565 1405 1650 1447 eius

93 1471 161 1529 qui
180 1471 341 1529 sapiens
363 1478 425 1514 est
441 1471 658 1514 substantia
681 1473 885 1528 producta.
947 1470 1061 1527 Quae
1083 1473 1235 1529 quidem
1258 1473 1451 1530 sapientia
1467 1473 1650 1515 substan-

93 1539 158 1583 tiu
174 1540 260 1598 ipsa
278 1547 356 1592 est,
389 1540 464 1582 hoc
486 1548 548 1583 est
566 1540 790 1583 subsistens
812 1540 932 1593 filius,
966 1541 1180 1597 eademque
1201 1542 1391 1598 sapientis
1412 1540 1536 1598 patris
1558 1541 1650 1583 sub-

95 1609 242 1652 stantia
271 1608 433 1662 similis,
466 1623 489 1651 a
520 1623 597 1665 quo
626 1609 819 1665 sapientia
852 1609 957 1651 fitius
987 1609 1140 1651 existit.

209 1675 476 1734 Quamobrem
500 1678 702 1734 apostolus
724 1675 894 1730 Paulus,
941 1678 1030 1734 qui,
1077 1684 1117 1720 ut
1141 1685 1227 1719 erat
1252 1677 1472 1721 Hebraicae
1493 1679 1649 1734 linguae
1676 1691 1755 1735 cap.
1783 1692 1854 1725 vlt.

96 1745 382 1804 peritissimus,
425 1760 512 1789 cnm
538 1760 591 1789 ex
623 1747 760 1788 eodem
790 1746 952 1803 spiritu,
997 1746 1066 1802 qui
1092 1747 1131 1788 in
1158 1754 1294 1789 vetere
1325 1761 1372 1789 ac
1396 1761 1500 1790 novo
1531 1755 1652 1790 testa—

17 1830 22 1859 ·,
94 1821 230 1858 uento
262 1814 418 1858 locutus
450 1822 536 1866 est,
580 1815 716 1857 eadem
753 1814 909 1857 haurire
945 1829 1063 1857 sensa
1098 1816 1400 1867 consuevisset,
1449 1816 1598 1858 duobus
1629 1830 1652 1857 e

94 1883 278 1941 psalmis,
319 1884 369 1926 ab
393 1897 441 1926 eo
472 1883 656 1926 videlicet
685 1885 723 1926 in
748 1898 825 1940 quo
855 1883 1033 1936 canitur,
1079 1887 1226 1925 Iudicia
1247 1893 1311 1925 tua
1331 1886 1492 1938 abyssus
1512 1887 1645 1934 multa,
1679 1901 1789 1965 {gai-Im.

22 2007 25 2010 Δ
92 1958 137 1996 ot
158 1952 208 1995 ab
223 1951 325 2004 atio,
356 1953 396 1995 in
418 1967 495 2009 quo
521 1953 817 2010 scriptumest,
850 1955 1014 1994 Semuae
1038 1960 1124 1993 tuae
1143 1956 1183 1994 in
1206 1957 1316 2007 aquis
1343 1956 1491 2002 multis,
1523 1962 1562 1994 et
1583 1969 1643 1994 ve·
1669 1969 1782 1999 maim.

94 2023 212 2075 soe'gia
231 2027 298 2062 tna
316 2029 606 2074 cognoscentur,
640 2021 743 2064 ittam
765 2022 812 2063 de
834 2021 895 2063 dei
919 2020 1074 2063 iudiciis
1097 2022 1332 2064 sententiam
1356 2022 1551 2079 paululum
1576 2021 1648 2064 im·
1665 2005 1711 2042 '⁰'
1728 2005 1771 2033 ²⁰·

94 2089 256 2133 natatis
287 2089 516 2146 quibusdam
550 2089 762 2133 transtulit.
822 2088 928 2132 Nam
950 2104 1020 2146 pro
1043 2090 1092 2132 iis
1113 2090 1246 2133 verbis
1260 2122 1272 2143 ,
1311 2092 1487 2143 Abyssus
1508 2093 1641 2141 multa,
1656 2108 1853 2144 nom.11‚a:t.

15 2146 25 2185 ¹*-
96 2157 278 2216 tcripsitz
321 2160 354 2199 0
372 2160 533 2199 altitudo
565 2161 807 2199 divitiarum!
850 2172 919 2215 pro
943 2158 1003 2202 his
1024 2173 1143 2208 vero,
1189 2162 1353 2200 Semitae
1372 2167 1459 2200 tuae
1482 2164 1521 2201 in
1540 2164 1651 2215 aquis

22 2235 30 2276 j
96 2227 227 2268 maltis
240 2257 252 2279 ‚
295 2233 334 2268 et
356 2229 515 2280 vestigia
540 2235 604 2268 tua
630 2242 703 2269 non
732 2235 1030 2280 cognoscentur,
1077 2228 1302 2279 substituit,
1342 2230 1643 2282 Investegabile&

20 2295 26 2339 ’,
98 2308 170 2353 pro
191 2294 274 2348 his,
305 2297 453 2337 ludet-ta
476 2303 541 2336 tua
561 2297 720 2349 abyssus
744 2297 882 2345 multa,
931 2295 1026 2338 haec
1039 2328 1050 2348 ‚
1094 2297 1363 2337 Inscrntabe'lae‘a
1389 2300 1529 2338 iudicia
1550 2301 1645 2338 eius.

14 2368 22 2378 ³
98 2363 162 2407 Ad
194 2363 360 2407 eundem
392 2365 547 2407 modum
576 2379 662 2406 cum
687 2364 734 2406 ab
756 2364 839 2420 ipsa
867 2364 1059 2421 sapientia
1098 2371 1269 2407 mutuam
1297 2365 1420 2422 ipsius
1453 2379 1500 2407 ac
1528 2364 1650 2422 patris

15 2447 27 2489 ,¹
98 2443 186 2476 cu·
222 2432 368 2475 infimis
405 2432 512 2475 bisce
542 2432 875 2490 comparationem
905 2432 1247 2489 habitudinemque
1279 2440 1516 2489 cognosset,
1563 2447 1652 2490 pro-

98 2500 221 2559 priam
243 2501 364 2559 patris
385 2515 431 2543 ac
450 2500 546 2553 mii,
586 2507 626 2542 et
649 2514 785 2543 eorum
807 2514 907 2557 quae
927 2514 997 2558 per
1021 2501 1142 2544 silium
1164 2516 1186 2542 a
1212 2509 1323 2558 patre
1350 2502 1538 2558 producta
1563 2508 1656 2543 sunt

19 2574 26 2607 Γ
99 2568 299 2613 notionem
333 2569 416 2612 suis
449 2570 488 2612 in
518 2569 676 2626 scriptis
710 2569 925 2626 expressit.
987 2568 1089 2612 Nam
1121 2584 1207 2612 cum
1231 2568 1435 2626 Sapientia
1467 2569 1651 2621 dixisset,

97 2637 186 2693 Ego
202 2641 388 2694 septen&
412 2640 541 2680 habito
560 2641 599 2679 in
618 2640 799 2686 consitio,
833 2644 936 2691 etc.,
969 2645 1048 2680 tum
1072 2638 1119 2680 ad
1144 2651 1231 2680 eam
1254 2637 1567 2694 procreationem
1585 2638 1653 2680 ad·
1669 2650 1798 2688 Prome,
1818 2651 1857 2679 rt.

42 2739 43 2743 η
98 2705 504 2764 ministrationemque
545 2720 644 2763 quae
681 2706 970 2748 interveniente
1013 2706 1135 2748 verbo
1179 2706 1225 2748 Γιῑ
1253 2706 1520 2758 descendens,
1564 2720 1650 2749 cum

24 2839 46 2879 52.

0 2976 1 2990 Ν
27 2876 55 2987 ξ

0 2991 6 3262 Ἦ

98 2772 155 2818 ἢ·
177 2774 471 2829 subtemina,
512 2778 586 2817 Pet·
605 2790 662 2816 me
687 2789 821 2828 reges,
855 2780 959 2826 etc.,
1004 2775 1096 2816 item
1121 2773 1238 2825 illud,
1280 2777 1563 2815 Se'nuntiavero
1593 2789 1655 2815 vo-

102 2842 159 2884 δίε
179 2857 276 2898 quae
292 2858 365 2898 per
389 2859 446 2885 me
455 2846 589 2898 stunt,
635 2843 924 2885 commemorabo
956 2857 1051 2896 quae
1080 2857 1103 2883 a
1134 2844 1289 2883 saeculo
1314 2850 1404 2884 sunt
1428 2857 1654 2897 percensen-

101 2912 172 2962 da,
217 2910 383 2967 deinde,
427 2916 609 2955 Dominus
645 2915 790 2955 creavit
818 2926 874 2952 me
912 2914 1058 2951 tne’tium
1094 2914 1237 2951 marum
1276 2924 1431 2952 suarum
1471 2914 1510 2952 t'n
1540 2925 1653 2965 opera

151 3024 201 3060 10.
235 3020 336 3062 effeta
357 3026 528 3071 (comario
548 3027 729 3071 praeeunte)
755 3027 854 3061 Petu·
946 3023 1025 3057 Cn.
1046 3024 1116 3058 vn.
1136 3043 1179 3050 —
1207 3025 1234 3059 t.
1257 3024 1315 3060 τοῦ
1336 3023 1463 3069 πατρὸς
1483 3026 1551 3059 cod.
1575 3025 1655 3058 Rhe-

101 3072 182 3105 nus.
229 3073 289 3106 Nec
309 3073 460 3115 improbo.
905 3071 969 3112 dig.

1295 3127 1361 3172 6.
