2020 3276
0 3152 72 3276 k

446 235 627 269 rammi
651 236 736 269 Lm.
755 236 814 270 m.
835 236 944 270 τοΜ.
964 237 1006 270 11.
1031 236 1162 270 nina.
1184 236 1363 270 Lxxvn.
1597 226 1671 268 381

138 324 252 359 ms
268 326 292 356 a
310 321 423 357 recto
446 315 625 358 veritatis
649 316 791 358 itinere
812 316 988 358 deflexit.
1050 316 1234 367 Atenim,
1265 315 1467 372 inquiunt,
1511 321 1679 356 mentem

137 380 286 425 idcireo
302 382 411 425 illum
431 384 654 441 suscepisse
679 398 804 441 nego,
850 385 992 440 alioqui
1013 385 1222 441 cupiditate
1243 384 1350 425 iilum
1373 384 1497 435 affici,
1541 383 1606 425 vel
1626 382 1679 424 ir-

136 449 249 492 ritari
267 463 364 494 sane
383 451 580 505 dicamus,
612 466 699 495 cum
720 467 831 494 mens
853 453 943 504 illa,
977 467 1076 508 quae
1098 453 1210 494 nobis
1236 453 1361 505 inest,
1393 452 1591 494 variarum
1606 452 1679 493 're-

136 530 225 561 rum
247 518 459 577 cupiditate
485 527 682 563 teneatur.
744 520 820 573 Et,
862 528 905 563 ut
930 535 1008 563 uno
1033 521 1155 563 verbo
1188 521 1336 572 dicam,
1378 521 1476 562 mira
1499 527 1561 562 est
1585 520 1681 562 isto·

137 598 224 630 run
262 587 458 631 hominum
490 589 695 644 argutandi
725 604 772 631 ac
808 589 1013 631 cavillandi
1046 589 1190 641 libid03
1234 589 1394 645 perinde
1421 603 1468 630 ac
1494 587 1679 645 scriptum

136 661 222 709 ent,
263 658 374 698 Facu
391 660 484 698 deus
509 660 712 711 simplicem
732 666 771 698 et
787 661 1010 712 prudentem
1029 660 1209 698 hommem
1222 675 1235 697 .·
1275 660 1343 697 sed
1361 660 1437 710 ipsi
1457 660 1583 697 varens
1605 658 1683 698 sibi
1697 665 1780 695 8001.
1795 666 1824 703 τ,
1841 666 1885 696 aa.

101 768 107 770 .
135 726 386 778 agnuam
401 727 623 779 finxerunt.
685 724 790 768 Nam
818 727 853 768 si
878 740 931 768 ex
963 740 1012 768 eo
1047 726 1148 782 quod
1182 725 1388 767 humanam
1421 725 1475 767 iili
1512 732 1680 767 mentem

136 792 407 847 attribuimus,
448 801 608 837 nostros
635 794 760 837 eidem
782 795 960 837 desectus
981 795 1207 850 affingamus
1221 825 1232 846 ,
1274 808 1361 835 cum
1386 801 1426 835 et
1447 794 1572 850 ipsum
1594 808 1682 836 car-

136 872 227 904 nem
246 861 424 905 induisse
457 863 670 915 fateamur,
714 863 836 906 multo
861 864 986 919 magis
1009 863 1079 904 hac
1103 876 1156 904 ex
1179 869 1315 919 parte,
1361 863 1394 904 si
1416 862 1569 905 illorum
1596 877 1682 905 ser-

133 928 317 973 nauibus
336 931 555 974 adhibenda
577 932 672 974 fides
693 939 779 985 est,
822 932 1048 974 imminutus
1069 930 1186 973 debet
1206 930 1360 983 videi-53
1401 933 1502 987 quod
1526 933 1679 988 quidem

136 997 240 1042 absit
258 1006 303 1042 ut
321 1013 490 1056 unquam
510 1000 730 1057 opinemur.
791 998 1056 1055 Quamobrem
1076 1000 1131 1042 uti
1152 999 1316 1042 verbum
1338 1000 1480 1042 nnllam
1503 1000 1542 1041 in
1561 1014 1680 1042 carne

137 1066 430 1111 diminutionem
464 1082 622 1125 passum
654 1077 741 1122 est,
786 1069 943 1111 tametsi
978 1082 1112 1111 veram
1132 1068 1221 1111 -sibi
1249 1083 1407 1110 carnem
1432 1068 1678 1125 imposuerit,

136 1134 192 1179 iu
214 1148 289 1179 nec
309 1136 351 1179 in
375 1135 542 1179 humana
567 1145 698 1180 mente
721 1138 924 1194 quicquam
951 1137 1140 1194 cogitavit
1170 1138 1271 1194 quod
1296 1138 1423 1180 minus
1445 1145 1551 1179 esset
1582 1138 1682 1179 divi-

138 1203 262 1248 nitate
292 1205 474 1262 dignum,
515 1206 584 1248 sed
615 1219 664 1248 ea
695 1207 886 1248 duntaxat
916 1220 1016 1262 quae
1051 1205 1186 1257 carni,
1230 1206 1384 1248 animae
1416 1213 1455 1248 et
1489 1205 1681 1248 humanae

137 1272 260 1316 menti
285 1281 551 1317 consentanea
580 1273 815 1316 videbantur
843 1275 1037 1316 accedens
1069 1274 1248 1316 dominus
1278 1275 1500 1332 expressit,
1540 1288 1591 1316 ne
1610 1288 1681 1316 ve-

134 1354 206 1384 rae
225 1355 321 1385 suae
344 1342 628 1385 incarnationis
647 1343 824 1385 ordinem
848 1343 1069 1399 seriemque
1090 1343 1354 1400 perturbaret.
1414 1342 1544 1385 Erant
1563 1357 1680 1400 porro

133 1409 212 1453 ista
237 1417 531 1463 consentanea,
576 1413 723 1464 fames,
770 1411 879 1464 sitis,
923 1411 1124 1467 fatigatio,
1165 1425 1353 1463 somnus,
1396 1411 1678 1468 peregrinatio,

134 1477 271 1532 dolor,
302 1478 439 1531 fletus,
471 1480 712 1535 indignatio,
745 1493 868 1535 quae,
910 1487 954 1522 ut
972 1494 1044 1535 par
1063 1487 1171 1531 erat,
1215 1482 1255 1522 in
1286 1493 1376 1523 sese
1398 1481 1572 1536 perfecta
1594 1494 1680 1522 cum

135 1545 328 1600 hominis,
360 1562 475 1604 quam
492 1562 634 1591 revera
656 1555 901 1605 susceperat,
934 1556 1075 1591 natura
1098 1547 1306 1591 coniuncta
1328 1549 1681 1606 convenientiaque

134 1615 384 1659 monstravit.

247 1683 395 1742 Neque
428 1685 530 1727 enim
563 1685 751 1742 scriptum
781 1692 843 1727 est
863 1686 1013 1742 uspiam
1044 1699 1166 1742 prava
1190 1685 1297 1728 illum
1322 1684 1531 1742 cupiditate
1558 1685 1681 1728 fuisse
1744 1691 1824 1737 cap.

134 1759 380 1811 comptum,
422 1753 514 1809 quin
542 1755 670 1809 potius
703 1755 848 1811 optima
870 1755 976 1796 illum
1001 1754 1192 1811 cupiditas
1217 1754 1342 1811 cepit,
1386 1769 1471 1796 cum
1495 1754 1548 1795 ita
1572 1754 1681 1796 locu·
1702 1738 1862 1772 xxvssl.

135 1829 200 1866 tus
222 1828 307 1865 est:
338 1825 534 1864 Datami>
554 1825 768 1864 desider-am·
784 1826 855 1864 hoe
869 1825 1014 1877 paseha
1037 1826 1264 1864 manducare
1290 1824 1490 1864 vobiscum.
1553 1822 1675 1879 Atqui
1694 1827 1767 1857 11⁰⁶-
1778 1828 1823 1864 ²1,
1842 1829 1884 1858 ¹⁵·

136 1889 372 1933 desiderium
406 1904 533 1947 neque
564 1906 586 1933 a
615 1892 820 1934 divinitate
854 1892 1136 1948 proficiscitur,
1181 1906 1308 1948 neque
1341 1905 1394 1933 ex
1427 1891 1511 1934 sola
1542 1905 1676 1944 carne,

134 1963 204 2000 aut
223 1970 278 2000 ex
296 1958 427 2001 anima
450 1959 591 2002 mentis
616 1968 780 2016 experte
795 1992 807 2012 ,
840 1961 908 2002 scd
933 1974 952 2002 a
976 1962 1149 2017 perfecta
1176 1961 1343 2002 hominis
1374 1967 1536 2012 natura,
1581 1975 1679 2016 quac

136 2039 279 2083 corpus
303 2033 345 2069 ct
365 2034 561 2079 mentem,
603 2042 648 2070 ac
669 2029 850 2085 quiequid
881 2030 985 2071 inest
1007 2030 1046 2071 in
1073 2029 1228 2071 homine
1258 2029 1542 2085 compiectitur.
1604 2028 1679 2071 His

135 2093 239 2137 enim
261 2093 465 2146 omnibus,
496 2109 685 2153 corpore,
718 2098 897 2154 inquam,
930 2098 1060 2140 anima
1085 2105 1125 2139 et
1143 2105 1272 2140 mente
1293 2112 1339 2139 ac
1361 2098 1545 2153 reliquis,
1579 2112 1677 2153 quae

133 2161 175 2205 in
198 2162 355 2206 homine
384 2171 499 2215 sunt,
545 2165 724 2207 omuibus
754 2167 968 2221 praeditum
1001 2166 1165 2209 verbum
1197 2166 1377 2218 advenit,
1419 2167 1451 2208 si
1478 2174 1677 2222 peceatum

134 2243 183 2274 ac
201 2231 395 2274 defectum
416 2246 571 2275 omnem
595 2233 794 2290 excipias,
837 2248 908 2291 pro
929 2249 977 2277 eo
999 2249 1045 2276 ac
1067 2236 1253 2291 scriptum
1278 2242 1362 2286 est,
1409 2237 1588 2276 Teutalus
1605 2250 1678 2288 per
1696 2239 1881 2277 “ebt-⁴21⁵-

134 2294 259 2342 onnia
286 2307 332 2341 nt
360 2303 490 2350 homo,
528 2310 686 2355 praeter·
717 2310 926 2355 peccatum.
998 2302 1115 2359 Quod
1147 2303 1180 2345 si
1213 2303 1344 2345 omnia
1377 2310 1565 2359 expertus
1599 2310 1677 2355 est,

135 2381 302 2412 necesse
325 2375 387 2412 est
408 2369 540 2412 omnia
563 2383 684 2425 penes
709 2370 871 2413 verbum
905 2371 1043 2414 inisse.
1104 2370 1254 2414 Verum
1284 2385 1372 2412 cnm
1398 2370 1495 2413 haec
1519 2371 1681 2413 baberet

134 2437 294 2490 omnia,
336 2438 471 2480 eadem
500 2445 629 2481 tamen
659 2438 700 2480 in
726 2437 812 2495 ipso
843 2439 1020 2496 superari
1050 2453 1128 2482 non
1159 2446 1363 2496 poterant,
1407 2445 1447 2480 et
1476 2438 1563 2480 sine
1601 2439 1679 2481 ulia

134 2504 223 2549 labe
245 2513 403 2549 servata
425 2514 538 2559 sunt,
583 2521 670 2549 cum
697 2507 894 2563 perfectus
917 2514 1025 2550 esset
1049 2508 1145 2550 deus
1166 2522 1220 2550 ex
1244 2520 1364 2550 carne
1387 2507 1565 2562 genitus,
1612 2507 1677 2563 qui

134 2574 308 2632 perfecte
329 2574 506 2632 impievit
527 2574 680 2627 omnia,
714 2582 895 2631 tanquam
920 2576 1082 2632 perfecti
1103 2576 1209 2619 vasis
1233 2575 1402 2626 artisex,
1446 2573 1486 2616 in
1510 2589 1586 2631 quo
1608 2588 1677 2617 ne-

134 2654 210 2700 que
229 2657 323 2686 caro
341 2643 470 2686 minus
493 2643 743 2686 convenienti
770 2642 899 2699 aliquo
921 2643 1051 2686 studio
1074 2643 1199 2686 divisa
1224 2645 1299 2697 sit,
1345 2657 1418 2686 nec
1443 2644 1528 2700 ipse
1547 2643 1677 2685 alieno

133 2708 264 2767 aliquo
293 2713 436 2755 mentis
467 2726 613 2764 sensu,
659 2711 875 2753 cuiusmodi
908 2711 947 2753 in
978 2711 1090 2754 nobis
1116 2712 1314 2764 cernitur,
1357 2712 1410 2753 sit
1439 2712 1675 2755 abstractus.

132 2775 252 2823 Mens
281 2781 384 2823 enim
413 2788 547 2824 nostra
579 2795 657 2823 non
685 2780 731 2822 ad
761 2786 959 2837 peccatum
989 2781 1287 2836 perpetrandum
1318 2780 1434 2822 insita
1466 2779 1579 2822 nobis
1598 2788 1675 2834 est,

133 2848 204 2891 scd
223 2848 271 2892 ad
294 2863 428 2891 earum
451 2864 580 2891 rerum
595 2882 607 2902 ,
639 2863 738 2906 quae
763 2848 801 2890 in
827 2847 940 2889 nobis
965 2855 1168 2904 utramque
1189 2849 1227 2890 in
1254 2855 1402 2904 partem
1424 2848 1676 2891 consideran-

133 2921 220 2970 tur,
252 2917 586 2973 contemplandam
609 2916 915 2974 perfectionem,
958 2930 1032 2958 nec
1056 2930 1132 2958 non
1158 2922 1199 2958 et
1219 2917 1343 2959 officia
1376 2916 1570 2970 iustitiae,
1613 2918 1677 2960 vel

134 2983 172 3027 ei
195 2984 395 3027 contraria
419 2985 699 3042 dignoscenda.
762 2983 915 3041 Quippe
947 2988 1079 3026 mentis
1109 2993 1166 3025 esc
1195 2985 1306 3026 verba
1336 2987 1571 3035 discernere,
1617 2990 1754 3027 utino».
1776 2995 1879 3058 '¹3¹²

179 3074 212 3110 3.
237 3074 374 3119 „Vulgo
397 3068 481 3116 οὖς’(
504 3078 665 3112 Petam.
1710 3035 1741 3059 a
1759 3030 1802 3065 ῃ.
1839 3053 1846 3059 ·
