2020 3276
452 219 637 254 emanti
658 218 744 253 Lm.
764 218 824 252 m.
845 216 955 253 Tou.
973 218 1000 251 1.
1022 216 1158 251 naun.
1176 214 1336 250 LXXVI.
1582 201 1662 245 281

117 303 226 354 με
276 297 380 343 >Nou
401 298 506 342 enim
530 298 569 341 in
591 297 834 356 syllogismis
859 297 1153 352 argumentisve
1178 309 1343 352 regnum
1365 293 1539 336 coeleste
1560 290 1665 349 posi-

118 374 306 422 ηοω,
348 380 475 424 neque
505 367 546 409 in
579 366 781 423 arroganti
810 366 1022 421 inflatuque
1052 378 1260 415 sermone,
1305 366 1374 404 sed
1393 366 1433 404 in
1459 365 1601 403 vib-tute
1616 364 1868 402 acteonem.

111 437 290 483 m.
350 435 442 479 Nos
473 442 605 478 autem
629 435 728 477 satis
751 447 947 491 superque
978 433 1168 474 hactenus
1197 441 1301 474 tuam
1334 432 1440 474 illam
1462 432 1511 473 de
1534 429 1666 487 priva-

117 503 227 550 ibae
249 505 498 548 affectionum
520 518 568 547 ac
593 503 829 560 positionum
851 501 1150 559 disputationem
1174 500 1417 552 audivimus,
1449 507 1530 542 tum
1551 498 1666 555 geni-

117 580 201 618 -
217 573 323 617 illa-
339 572 633 629 ingenitamque
659 571 918 614 substantiam
948 570 1235 612 adsciscentem
1263 570 1361 620 sibi,
1405 569 1469 611 vel
1490 566 1568 610 non
1598 567 1666 609 ad-

116 640 352 687 mittentem
374 641 518 698 aliquid
532 672 545 693 ‚
576 648 618 683 et
637 654 715 682 una
734 654 821 682 cum
843 639 1053 682 affectione
1078 637 1191 680 huius
1213 652 1367 694 quoque
1389 638 1579 679 iacturam
1599 649 1666 693 pa·

117 709 306 763 tientem,
322 723 413 752 ⁴nec
440 724 518 752 non
540 716 581 752 et
603 709 652 751 de
675 707 892 751 substantia
916 707 1049 763 genita
1076 706 1193 749 simul
1224 706 1417 762 implicata
1441 713 1481 747 et
1502 704 1666 761 ingeniti

116 776 353 831 Mona,
394 785 476 821 tum
505 779 554 820 de
575 777 712 819 sobole
744 779 900 832 genita,
944 789 1044 831 quae
1066 788 1138 832 per
1161 775 1353 831 quendam
1379 774 1500 816 veluti
1524 774 1669 816 transi·

121 854 208 893 t·-
222 860 415 904 αμυσαι
436 846 762 903 significationem
790 844 1042 886 nihilominus
1067 843 1333 901 permanentis
1359 843 1579 885 affectionis
1598 842 1667 885 ha·

119 915 213 968 bnt,
240 922 283 958 et
304 928 359 959 ex
383 922 523 958 natura
548 914 728 971 quapiam
754 912 1096 955 commutationem
1128 913 1295 963 indicat,
1336 926 1423 953 cum
1447 911 1578 967 genita
1601 925 1667 952 so-

119 983 234 1028 bbe
251 984 486 1041 appellatur.
532 982 640 1039 Ergo
664 982 800 1024 iisdem
826 983 874 1024 de
896 981 1015 1024 rebus
1037 982 1175 1024 eadem
1199 981 1358 1037 saepius
1381 986 1451 1022 tuo
1473 994 1527 1022 ex
1556 980 1667 1035 inge-

121 1052 189 1097 Ιὶο
217 1053 429 1111 proponis,
461 1052 562 1109 quod
593 1051 728 1094 eadem
760 1050 958 1093 inculeare
988 1050 1147 1107 saepius
1175 1048 1274 1092 nibil
1306 1056 1481 1091 veretur.

233 1121 343 1165 Aetii
376 1119 504 1178 Caput
528 1118 653 1163 xxi.
716 1117 761 1163 Si
794 1127 871 1161 tam
901 1119 1117 1175 ingenitum
1151 1133 1267 1175 quam
1304 1118 1477 1174 genitum
1511 1117 1668 1159 affectio

121 1190 197 1244 eit,
228 1189 474 1233 substantiae
493 1189 647 1246 quidem
668 1188 889 1231 affectionis
911 1188 1089 1244 priores,
1121 1187 1351 1230 affectiones
1375 1200 1493 1243 porro
1521 1186 1575 1228 uti
1599 1200 1669 1227 na-

123 1266 210 1302 tura
231 1258 497 1316 posteriores,
530 1257 588 1300 sic
609 1258 746 1300 iisdem
769 1257 1065 1313 anteponendas
1084 1263 1191 1299 sunt.
1253 1254 1368 1311 Quod
1398 1255 1431 1297 si
1452 1255 1668 1310 ingenitum

122 1326 247 1386 geniti
268 1340 410 1369 caussa
433 1333 517 1380 est,
563 1326 678 1382 eique
712 1326 868 1367 confert
889 1332 932 1367 ut
953 1325 1124 1376 existat,
1171 1325 1345 1380 genitum
1370 1338 1468 1366 vero
1489 1337 1668 1366 caussam

122 1396 247 1453 ipen·
267 1394 512 1437 substantiae
534 1409 607 1437 sua
629 1394 790 1436 notione
814 1394 1080 1450 complectens
1106 1393 1365 1436 substantiam
1397 1393 1547 1449 ipsam,
1589 1407 1669 1435 non

122 1463 369 1507 monem
390 1463 601 1520 exprimit,
634 1477 722 1504 curn
744 1463 918 1518 ingenita
939 1469 1078 1504 natura
1101 1461 1197 1503 nihil
1218 1462 1302 1518 ipsa
1324 1475 1456 1503 secum
1480 1461 1667 1513 includat,

122 1545 256 1575 nonne
282 1531 502 1575 substantia
533 1532 662 1588 potius
693 1545 807 1587 quam
840 1531 996 1573 affectio
1026 1531 1215 1587 quaedam
1247 1530 1363 1572 debet
1392 1530 1547 1572 videri?

147 1622 150 1628 ·
234 1597 399 1644 Contut.
424 1598 550 1644 xxl.
613 1598 645 1641 Ι.
681 1597 743 1642 De
765 1599 1039 1642 affectionibus
1065 1614 1152 1641 eum
1179 1599 1226 1640 de
1244 1598 1376 1640 divina
1399 1605 1561 1651 natura,
1603 1612 1671 1655 pe-

121 1668 236 1713 finde
254 1683 303 1712 ae
322 1669 373 1712 de
395 1668 651 1711 interioribus
673 1669 747 1710 deo
772 1668 965 1724 disputat,
1008 1669 1148 1710 iterum
1176 1681 1296 1724 agere
1322 1667 1489 1709 instituit
1509 1667 1668 1720 Aetius,

120 1737 504 1782 at-animdvertere
524 1738 707 1794 potestis,
739 1737 920 1779 veritatis
939 1736 1104 1778 studiosi
1126 1750 1280 1779 omnes.
1323 1734 1367 1778 ln
1388 1750 1465 1792 quo
1485 1736 1673 1779 nonnulla

121 1807 254 1865 priora
282 1806 398 1858 facit,
442 1806 516 1848 alia
539 1805 777 1864 posteriora.
842 1805 962 1861 Atqui
987 1805 1119 1862 priora
1142 1805 1218 1847 nlla
1243 1805 1283 1846 in
1306 1804 1406 1856 deo,
1451 1805 1514 1846 vel
1542 1812 1672 1862 poste-

120 1875 229 1919 rior·
248 1874 514 1928 constituere,
557 1888 607 1916 ne
629 1888 812 1917 sermone
846 1873 1000 1930 quidem
1031 1874 1138 1916 licet.
1201 1872 1358 1916 Etenim
1389 1873 1505 1916 simul
1528 1874 1567 1915 in
1597 1874 1672 1915 deo

119 1944 257 1988 bunut
272 1942 483 1995 universa,
515 1957 589 1985 nec
606 1943 875 1985 accessionem
895 1942 1063 1998 aliquam
1087 1943 1300 1985 desiderat.
1362 1940 1561 1997 Quocirca
1583 1956 1670 1984 cum

121 2011 294 2069 μαίω-
316 2011 492 2054 sobolem
519 2011 707 2063 dicimus,
739 2011 833 2053 nihil
856 2011 1016 2053 omnino
1035 2012 1314 2068 temporarium
1337 2012 1462 2068 pietas
1485 2011 1668 2053 admittit.

119 2078 228 2124 Na·
260 2079 302 2122 in
331 2078 581 2123 sanctissima
616 2080 815 2132 trinitate,
862 2079 936 2121 hoc
967 2087 1029 2122 est
1058 2081 1132 2122 deo
1168 2087 1301 2137 patre,
1347 2081 1426 2123 lilio
1458 2088 1498 2122 et
1533 2080 1672 2137 spiritu

121 2155 283 2202 msto,
327 2147 393 2204 qui
425 2154 486 2190 est
507 2148 604 2190 deus
626 2148 831 2200 existens,
873 2155 986 2205 pater
1010 2149 1191 2191 existens
1210 2155 1399 2202 vocatur,
1432 2163 1504 2192 nec
1532 2164 1610 2191 non
1634 2156 1673 2191 et

121 2217 304 2260 aiaton
326 2217 429 2259 filius
458 2230 545 2258 cum
570 2215 769 2258 existente
789 2225 1064 2273 comparatus,
1097 2217 1146 2259 ab
1166 2231 1292 2274 eoque
1312 2217 1411 2260 eitra
1437 2218 1586 2260 initium
1614 2218 1672 2260 ul-

122 2286 203 2329 lu·
220 2292 450 2342 tempusque
468 2283 649 2340 genitns3
682 2293 725 2326 ut
746 2298 800 2327 ex
824 2285 872 2327 iis
887 2286 1104 2342 scripturae
1127 2286 1223 2328 locis
1247 2286 1523 2343 intelligimus=
1556 2290 1675 2340 Apud
1713 2293 1825 2356 Ρέιῐιιι..

121 2355 341 2409 bursone
365 2356 487 2394 m'tae:
526 2353 645 2404 item,
678 2356 723 2394 In
754 2355 893 2395 lumin
916 2362 980 2395 tuo
1010 2356 1213 2396 videbimus
1234 2358 1382 2396 lumen.-
1425 2362 1486 2406 et,
1522 2358 1598 2407 Qm'
1615 2363 1674 2395 est
1759 2348 1768 2363 ’
1821 2349 1829 2357 ’

121 2426 163 2465 ἡ
186 2428 276 2465 em
287 2425 441 2477 patruit.-
486 2421 577 2463 item
590 2452 601 2471 ‚
636 2424 681 2462 In
700 2424 891 2475 pn'neipn‘o
912 2431 998 2464 erae
1017 2425 1190 2473 verbum,
1233 2432 1273 2464 et
1296 2425 1445 2465 verbum
1464 2431 1552 2464 erat
1570 2426 1673 2476 apud
1688 2431 1791 2460 loun.
1805 2433 1832 2468 1,
1852 2433 1877 2462 1.

121 2493 253 2543 dam,
293 2499 334 2533 et
351 2493 445 2531 dem
474 2498 560 2531 erat
583 2491 749 2531 verbum.
813 2488 1004 2532 Similiter
1037 2498 1073 2533 et
1101 2492 1149 2534 dc
1171 2492 1310 2549 spiritu
1342 2499 1503 2533 sancto:
1548 2494 1673 2544 Spiri-
1698 2509 1769 2546 333,
1788 2509 1816 2543 ι,
1834 2509 1861 2538 5,

122 2567 184 2601 m
203 2574 308 2602 neue
338 2562 513 2601 conscium
535 2562 574 2599 in
597 2561 715 2599 medio
743 2562 872 2599 vestr-i.
936 2557 1060 2601 Vides
1092 2574 1206 2616 quam
1243 2560 1336 2602 nihil
1360 2560 1397 2600 in
1422 2558 1598 2600 trinitate
1621 2561 1674 2602 sit

122 2629 290 2671 rmus?
347 2627 459 2672 Unde
485 2641 558 2670 nec
581 2627 800 2669 substantia
822 2627 1093 2677 affectionem,
1139 2642 1211 2670 nec
1235 2628 1491 2671 substantiam
1514 2636 1672 2670 antece-

121 2695 179 2739 eit
199 2695 372 2739 affectio.
434 2694 622 2739 Ceterum
649 2694 898 2737 affectionem
921 2709 1006 2737 cum
1032 2696 1221 2749 dicimus,
1270 2710 1347 2740 non
1373 2697 1499 2738 fluxas
1522 2696 1608 2739 illas
1632 2705 1671 2740 et

123 2764 294 2808 caducas
314 2764 590 2822 intelligimus,
635 2778 734 2820 quae
767 2764 805 2805 in
829 2777 1060 2820 unaquaque
1084 2778 1218 2807 earum
1244 2778 1375 2806 rerum
1402 2778 1502 2820 quae
1524 2765 1671 2808 adven·

124 2829 221 2875 titiis
254 2832 371 2875 rebus
397 2834 618 2875 afficiuntur
639 2833 745 2875 vires
768 2846 858 2874 suas
879 2846 924 2874 ac
950 2833 1188 2874 mutationes
1210 2839 1420 2884 exerceat,
1463 2839 1671 2889 utcumque

123 2914 196 2943 nos
220 2915 243 2943 a
266 2907 304 2942 te
325 2901 451 2944 eoacti
474 2901 694 2943 affectionis
725 2900 957 2942 vocabulum
982 2901 1028 2942 ad
1055 2900 1186 2952 divina
1211 2901 1499 2944 transferimus.
1559 2900 1670 2945 Nihil

123 2975 187 3011 eat
211 2968 332 3025 igitur
355 2969 394 3011 in
417 2970 491 3011 deo
511 2969 574 3011 vel
596 2970 860 3019 antecellens,
907 2969 969 3011 vel
993 2975 1123 3011 aetate
1148 2969 1366 3027 posterius,
1408 2970 1478 3013 sed
1506 2983 1553 3013 ea
1574 2971 1671 3013 dun-

168 3059 200 3093 ὗ.
222 3058 381 3103 tacende
401 3061 490 3096 codd·
514 3070 589 3095 mss.
613 3064 642 3094 et
664 3062 712 3096 ed.
734 3063 835 3104 princ.
