2020 3276
410 263 594 306 mum!
618 267 705 303 Lm.
722 268 782 302 m.
804 268 914 302 ΤΟΜ.
933 269 974 302 Π.
998 268 1131 303 ΗΑΕΒ.
1149 268 1326 302 Lxxvn.
1564 260 1643 301 401

98 349 294 396 *illud
314 349 441 392 solum
472 363 550 406 quo
571 348 619 391 de
645 348 798 405 agitur,
839 348 909 390 sed
933 355 971 390 et
996 348 1070 390 alia
1100 349 1292 405 permulta
1329 346 1647 405 profundioribus

98 417 310 464 *tentiis
339 423 592 459 enarrantur.

148 511 151 514 ·
210 484 332 530 Nune
345 492 475 529 autem
492 486 539 528 ad
559 485 634 527 alia
655 491 911 542 properantes
930 484 1105 526 breviter
1125 485 1357 527 admonendi
1379 499 1518 527 caussa
1540 466 1642 526 istud
1715 488 1795 531 cap.

98 555 361 614 aspersi-un
390 568 467 611 quo
486 554 697 610 religiosus
715 553 878 610 quilibet
896 552 1244 606 animadverteret,
1273 554 1505 610 quicumque
1524 534 1872 602 semetXXXV¹¹¹·,

98 622 334 667 mutuos
363 621 404 665 in
433 621 601 664 ecclesia
635 621 824 664 terminos
859 635 904 664 ac
930 621 1183 678 propheticae
1213 630 1252 664 et
1274 622 1512 679 apostolicae
1543 621 1648 674 fidei,

98 704 215 749 pan
237 691 419 734 traditam
440 690 687 747 accepimus,
733 690 1013 747 doctrinaeque
1037 704 1146 746 spem
1171 690 1303 746 egredi
1330 691 1522 743 voluerit,
1566 690 1652 732 eius

99 759 273 804 §.inu-
297 772 351 802 ex
372 758 563 801 levissimi
594 758 758 800 alicuius
782 759 991 801 occasione
1016 758 1107 800 dicti
1134 759 1172 800 in
1198 773 1240 800 re
1265 758 1416 801 modica
1439 773 1484 801 ac
1507 758 1651 800 nullius

99 840 229 886 poene
251 828 437 870 momenti
461 841 483 868 a
507 826 703 869 communi
725 827 790 869 via
813 827 1085 869 deflectentem
1100 859 1112 881 ,
1145 828 1192 869 ad
1223 827 1460 870 vanissimas
1485 827 1653 870 subinde

100 896 345 940 ebertioms
378 895 809 953 periculosissimasque
843 896 1083 948 sententias,
1127 903 1166 937 et
1187 896 1235 937 ad
1259 896 1448 938 absurdas
1471 910 1516 937 ac
1540 909 1653 952 pere-

100 965 239 1023 grinae
257 964 510 1022 quaestiones
535 971 675 1021 atque,
708 971 751 1006 ut
773 965 974 1022 apostolus
998 964 1192 1021 loquitur,
1235 966 1519 1006 mea-trebabiles
1538 979 1654 1018 gene—
1670 968 1695 997 1-
1705 966 1858 1003 '15de-

100 1035 275 1089 ώςίιι,
306 1046 397 1077 esse
420 1033 637 1091 lapsurum.
699 1031 814 1088 Quod
839 1032 992 1089 quidem
1018 1033 1066 1074 ad
1091 1032 1153 1086 id,
1196 1034 1244 1075 de
1266 1048 1343 1089 quo
1365 1033 1406 1075 iu
1431 1033 1656 1089 praesentia

101 1114 237 1149 uerno
252 1108 341 1156 est,
372 1102 528 1155 attinet,
560 1101 831 1144 stultissimum
852 1102 954 1143 istud
972 1115 1087 1154 esse,
1121 1115 1249 1158 neque
1270 1101 1536 1158 explicatione
1558 1116 1656 1159 opus

103 1169 274 1224 hebere,
303 1171 479 1228 quisquis
503 1170 698 1228 paululum
719 1170 822 1227 sapit
840 1170 1024 1212 facillime
1045 1170 1272 1226 cognoscit,
1305 1183 1378 1212 nec
1402 1171 1442 1212 in
1464 1170 1657 1213 eiusmodi

104 1239 299 1297 sepientis
335 1239 597 1296 opinioueque
631 1238 836 1295 quicquam
868 1253 957 1281 esse
989 1238 1092 1294 quod
1117 1239 1410 1295 inquisitionem
1442 1239 1655 1281 desideret.

102 1306 209 1351 Nam
227 1307 262 1351 si
280 1307 409 1350 denuo
432 1315 474 1350 ut
492 1307 816 1350 circumcidamur
835 1307 1092 1363 resurgimus,
1125 1321 1195 1349 cur
1214 1322 1292 1350 uon
1317 1307 1656 1350 circumcisionem

104 1376 418 1420 eniteret-timus?
475 1374 583 1419 Sane
603 1377 666 1433 qui
688 1377 727 1418 in
751 1376 824 1418 hac
840 1375 923 1418 vita
946 1376 1110 1432 idipsum
1133 1376 1233 1432 quod
1255 1377 1471 1433 perfectum
1491 1377 1657 1418 habetur

104 1444 388 1502 cognoverint,
421 1452 462 1487 et
487 1452 596 1487 tanto
620 1452 710 1487 aute
738 1458 930 1501 usurpare
956 1443 1182 1501 coeperint,
1228 1444 1464 1486 luculentius
1485 1446 1532 1486 ad
1558 1446 1659 1486 futu-

102 1526 188 1557 ra·
208 1513 312 1556 illam
345 1514 624 1571 perlectionem
654 1513 905 1556 obtinendam
930 1513 991 1555 ius
1017 1512 1119 1554 nacti
1146 1520 1252 1554 suut.
1315 1511 1515 1568 Quorsum
1540 1512 1661 1568 igitur

103 1581 156 1625 ab
173 1581 354 1640 apostolo
371 1582 515 1624 dictum
539 1584 625 1624 est?
684 1585 733 1623 Si
752 1584 1093 1630 circumcidamini,
1130 1584 1304 1622 Christus
1325 1584 1427 1622 nihil
1443 1582 1547 1623 vobis
1564 1596 1658 1635 pro-
1678 1597 1748 1626 Gal.
1766 1597 1793 1625 2.
1814 1597 1842 1625 3.

105 1653 228 1694 den‘t:
259 1651 370 1704 item,
404 1653 481 1704 Qui
498 1653 536 1691 in
559 1653 643 1704 lege
661 1652 934 1702 insufla-amini,
967 1665 991 1691 a
1009 1653 1141 1704 gratia
1163 1653 1373 1691 eoeeidaezetoek.
1438 1650 1542 1693 Tum
1563 1650 1659 1691 illud
1694 1636 1726 1661 θ’
1749 1632 1777 1668 ⁵'
1799 1632 1825 1660 4.

106 1719 223 1763 etiem
239 1719 449 1763 salvatoris
471 1720 615 1761 dictum
629 1751 640 1772 ,
684 1722 728 1760 In
751 1723 1029 1760 resurrectione
1058 1722 1155 1760 enim
1179 1734 1298 1773 neque
1326 1722 1470 1760 ducunt
1500 1733 1653 1767 umores,
1683 1722 1840 1787 ”5¹33th

105 1802 225 1844 neque
242 1789 410 1838 nubunt,
442 1790 511 1829 sed
526 1790 701 1842 aequales
729 1796 821 1829 sunt
847 1791 1009 1842 angelis.
1073 1787 1188 1843 Quod
1211 1794 1342 1830 autem
1363 1787 1550 1845 scriptum
1576 1795 1653 1839 est,
1674 1781 1748 1822 lau’o·
1759 1779 1807 1829 ²¹5,
1822 1793 1863 1821 ³⁵·

109 1857 295 1900 Selebi&
322 1859 374 1898 ad
401 1871 563 1900 mensam
599 1860 724 1911 patris
761 1860 853 1906 mei,
899 1859 1128 1898 comedentes
1158 1865 1198 1897 et
1223 1858 1411 1906 bibentes,
1457 1864 1519 1909 et,
1565 1859 1655 1897 Cum
1674 1874 1803 1910 Luem,
1821 1873 1863 1901 so,

109 1927 209 1967 illud
235 1925 356 1966 &ham
378 1940 511 1967 novum
537 1926 723 1966 vobiscum
753 1929 792 1966 in
821 1940 940 1979 regno
966 1927 1177 1975 coelorum,
1212 1939 1264 1967 ex
1288 1939 1336 1967 eo
1363 1925 1464 1981 quod
1488 1925 1658 1979 additur,
1669 1909 1769 1939 Marc.
1779 1909 1868 1945 Νη

110 2006 268 2043 mn,
311 1999 374 2047 et,
405 1995 457 2035 aa
476 2007 637 2035 mensam
658 1997 788 2048 regni,
835 1993 913 2036 alio
934 2008 1053 2036 sensu
1078 1994 1344 2051 accipiendum
1371 1993 1463 2036 illud
1489 1993 1661 2036 videtur.

113 2060 270 2119 Quippe
296 2068 338 2104 et
362 2075 458 2113 nos,
498 2062 536 2104 id
566 2062 668 2119 quod
689 2076 712 2104 e
731 2063 855 2105 sacris
887 2062 996 2105 libris
1020 2062 1247 2115 didicimus,
1294 2072 1424 2121 potum
1459 2078 1505 2106 ac
1536 2064 1664 2106 cibum

113 2130 307 2188 quendam
339 2129 418 2172 illic
450 2129 687 2172 ambrosium
715 2144 806 2173 esse
828 2132 1098 2184 defendimus,
1132 2131 1179 2173 de
1202 2132 1341 2189 quibus
1364 2133 1553 2189 scriptum
1583 2140 1662 2185 est,

115 2201 220 2253 Quae
249 2200 382 2240 oculus
406 2205 480 2239 don
515 2200 612 2239 vidit
640 2213 709 2240 nee
738 2203 845 2241 aea-12«
874 2202 996 2241 audiit
1026 2215 1144 2254 neque
1165 2203 1203 2241 in
1223 2216 1290 2242 eor
1308 2204 1468 2242 hominib·
1484 2204 1661 2243 ascende-
1678 2217 1787 2249 1.cor.
1805 2218 1869 2253 aa.

114 2275 226 2318 mc,
269 2282 366 2323 quae
388 2269 634 2322 praeparavi!
660 2269 752 2308 deus
780 2270 1026 2322 diligentibus
1054 2283 1107 2309 se.
1173 2267 1252 2311 Sed
1290 2270 1343 2312 ita
1374 2270 1533 2313 statuit:
1578 2269 1666 2312 Pri-

114 2350 221 2380 mum
252 2335 293 2379 in
320 2343 404 2379 toto
429 2335 495 2378 illo
527 2334 747 2378 millenario
787 2337 983 2379 curriculo
1017 2337 1259 2379 naturalibus
1293 2353 1366 2381 uos
1402 2339 1666 2395 voluptatibus

117 2418 208 2449 esee
229 2404 435 2457 fruituros,
467 2403 602 2446 labore
625 2404 729 2446 omui
751 2418 797 2446 ac
820 2404 955 2447 dolore
977 2405 1148 2447 sublato.
1210 2405 1302 2461 Quo
1330 2406 1483 2463 quidem
1507 2407 1665 2450 evoluto

117 2480 310 2532 tempore,
334 2486 468 2515 corum
490 2486 588 2529 quae
607 2473 708 2514 dicta
729 2480 835 2524 sunt,
861 2474 1068 2530 participes
1090 2476 1267 2527 futuros,
1301 2475 1402 2531 quod
1425 2476 1521 2518 haec
1547 2475 1667 2518 verba

118 2541 343 2594 dederent,
377 2544 480 2594 Quae
509 2556 576 2583 nee
606 2543 739 2582 oculus
768 2543 882 2590 vt'eii’e,
915 2557 984 2583 nee
1010 2546 1118 2584 aum's
1146 2546 1303 2584 audivit.

233 2608 384 2654 Verum
401 2609 462 2652 hic
479 2610 631 2652 illorum
650 2623 780 2652 sermo
797 2609 977 2652 omuibus
995 2610 1213 2668 scripturae
1231 2612 1437 2654 sententiis
1456 2619 1662 2669 repugnat.
1731 2618 1814 2663 cap.

122 2677 224 2725 Cum
254 2679 358 2722 enim
395 2679 462 2721 lex
493 2680 688 2721 neminem
723 2679 938 2735 perfeetum
979 2678 1214 2731 reddiderit,
1263 2687 1304 2721 et
1339 2680 1502 2722 eandem
1538 2690 1668 2724 tamen
1684 2665 1855 2699 ΧΧΧῘΧ·

121 2748 247 2807 legem
277 2754 365 2806 post
393 2747 726 2790 resurrectionem
761 2746 974 2789 observare
1010 2761 1082 2789 nos
1115 2747 1298 2800 iubeant,
1343 2763 1508 2806 cumque
1531 2758 1668 2793 sancta

122 2816 188 2861 itt·
206 2817 300 2870 lex,
331 2830 445 2873 quam
469 2830 538 2873 per
558 2813 741 2872 Moysem
766 2814 945 2858 dominus
969 2814 1081 2857 uobis
1104 2815 1246 2868 edidit,
1281 2820 1501 2872 I’aedagogae'
1518 2834 1587 2861 nos
1611 2823 1669 2861 in-
1693 2823 1764 2853 οιι.
1783 2824 1811 2860 s,
1829 2823 1872 2852 2⁴.

124 2893 208 2929 mr
227 2885 275 2928 ad
297 2882 497 2929 Christum
519 2884 770 2941 perduxerit,
803 2884 864 2926 cui
880 2915 892 2935 ‚
936 2885 1035 2940 quod
1058 2884 1172 2940 louge
1199 2884 1389 2927 absolutis
1411 2886 1487 2929 illis
1512 2902 1557 2930 ac
1581 2903 1669 2946 per-

127 2954 239 2997 fectis
260 2960 372 2996 esset
386 2953 565 3005 inferior,
598 2953 726 2995 datum
750 2952 948 3008 negotium
975 2960 1037 2995 est
1060 2959 1101 2995 ut
1125 2967 1197 2995 nos
1220 2953 1267 2995 ad
1292 2954 1551 2999 excellentius
1577 2958 1669 3000 illud

127 3034 175 3066 ac
197 3021 304 3067 velut
330 3028 444 3079 eaput
462 3034 731 3078 summumque
759 3021 995 3075 deduceret,
1039 3036 1124 3064 cuni
1148 3029 1235 3079 post
1257 3021 1352 3066 haec
1377 3022 1559 3068 Christus
1583 3040 1670 3084 per-

130 3089 256 3133 lectus
276 3090 340 3132 ille
363 3103 408 3131 ac
431 3090 610 3133 dominus
632 3090 857 3142 advenerit,
890 3105 934 3133 ac
955 3090 1002 3133 de
1022 3090 1238 3147 paedagogi
1267 3106 1383 3134 manu
1404 3092 1599 3137 alumnum
1625 3109 1670 3137 ac

199 3156 317 3194 corpu·
332 3155 514 3186 unere-eoi.
538 3156 577 3186 u.
595 3157 620 3186 a.
1345 3163 1400 3206 ,23
