2020 3276
486 245 669 282 amnui
696 229 777 280 ms.
792 245 850 278 ιιι.
874 244 984 278 ΤοΜ.
999 245 1042 278 11.
1065 243 1197 277 natea.
1214 242 1364 275 Lxxx.
1614 234 1696 273 477

151 339 239 375 ‘aa
259 327 569 380 mouetudine,
609 326 673 383 qui
698 325 739 367 in
765 325 949 380 coniugio
975 324 1183 376 vixerunt,
1215 323 1440 379 deprompta
1462 320 1636 363 iustitiae
1659 328 1699 362 et

152 397 371 443 honestetis
391 395 494 438 ratio
520 395 679 452 patitur.
742 391 824 436 Sed
846 406 945 435 unus
967 394 1159 434 duntaxat
1181 406 1268 434 cum
1293 405 1366 433 uua
1388 389 1608 432 consociari
1633 390 1700 431 de-

153 465 249 520 bet,
290 472 334 508 ut
360 464 540 508 Adamus
570 477 658 505 cum
689 460 803 514 Eva,
849 460 950 504 Sara
983 475 1070 502 cum
1101 460 1354 511 Abraliamo,
1396 457 1579 500 Rebecca
1612 473 1698 500 cum

152 531 297 578 Iunco
332 533 511 590 copulata
541 522 700 588 legitur.
760 529 866 573 Nam
904 530 978 572 etsi
1010 529 1163 585 quidam
1199 542 1222 570 e
1245 527 1419 584 patribus
1450 528 1546 569 duas
1569 534 1702 569 tresve

152 613 304 648 uxores
337 601 569 653 habuerint,
612 614 690 642 non
724 600 764 641 in
795 599 931 640 eadem
968 598 1056 640 illae
1089 599 1204 639 domo
1238 598 1408 638 fuerunt.
1467 594 1573 637 Nam
1607 595 1703 638 baec

153 670 300 728 alioqui
324 671 449 713 forma
477 668 778 724 coniunctioque
810 667 939 724 porcis
966 680 1012 708 ac
1038 666 1248 723 pecudibus
1271 664 1471 706 convenit.
1535 665 1591 706 At
1613 665 1704 706 bae-

148 738 272 784 mici
293 739 420 782 nostri
442 738 631 780 maiorem
654 736 769 779 nobis
791 743 990 792 stuporem
1014 735 1206 786 afferunt,
1239 733 1303 789 qui
1326 747 1412 774 cum
1436 732 1529 774 nihil
1554 747 1598 775 se
1616 747 1702 775 cum

155 807 384 853 nationibus
409 806 555 848 babere
581 819 788 848 commune
815 804 1098 862 profiteantur,
1141 817 1164 845 e
1183 802 1383 844 contrario
1416 809 1543 843 tamen
1577 802 1704 857 turpia

154 888 335 934 queque
359 889 405 917 ac
431 874 595 916 ridicula
616 873 831 931 impensius
856 879 1105 930 perpetrant,
1147 879 1186 913 et
1213 878 1432 913 extremam
1458 885 1568 911 suam
1593 870 1705 926 igno-

156 944 318 988 miniam
343 944 572 986 ostendunt.
644 941 802 985 Etenim
833 943 867 983 si
903 955 1053 983 uxores
1082 940 1273 983 habereut
1304 938 1358 981 illi
1387 939 1596 995 separatim
1626 953 1704 981 non

156 1012 383 1071 promiscue
419 1011 565 1054 babere
601 1011 688 1053 illas
719 1010 939 1067 oportebat.
1013 1007 1081 1061 Si,
1127 1009 1307 1065 inquam,
1351 1007 1534 1063 coniugio
1574 1015 1710 1050 essent

156 1080 363 1133 obstricti,
395 1081 509 1123 nefas
529 1087 615 1122 erat
635 1079 709 1121 viri
729 1093 815 1120 cum
840 1079 1002 1120 muliere
1025 1078 1334 1134 copulationem,
1367 1091 1481 1132 quam
1505 1077 1601 1118 deus
1618 1091 1704 1118 cum

157 1149 264 1193 omni
288 1149 504 1202 modestia,
537 1147 730 1204 gravitate
754 1162 800 1189 ac
825 1148 1029 1204 prudentia
1061 1146 1306 1189 coniunctam
1330 1145 1522 1197 instituit,
1566 1153 1705 1202 sponte

156 1232 228 1261 sna
246 1217 288 1260 in
314 1218 482 1260 medium
506 1217 686 1274 proferre
713 1230 759 1258 ac
786 1217 1028 1272 patefacere.
1091 1213 1207 1270 Quod
1233 1215 1266 1257 si
1295 1229 1316 1256 a
1340 1214 1567 1256 mulieribus
1588 1213 1706 1255 absti-

156 1292 254 1330 nent
284 1285 488 1338 nonnulli,
534 1285 599 1342 qui
638 1284 910 1327 castimoniam
950 1284 1023 1327 sibi
1056 1298 1101 1326 ac
1133 1282 1430 1340 temperantiam
1473 1282 1702 1332 indixerint,

155 1368 271 1413 quan
295 1355 440 1397 babent
462 1353 648 1396 iustitiam
672 1367 742 1410 per
766 1366 955 1395 summam
975 1352 1229 1394 stoliditatem
1252 1358 1292 1393 et
1313 1351 1503 1394 honestae
1526 1351 1631 1393 vitae
1651 1353 1708 1393 di-

155 1424 359 1482 sciplinam
380 1436 452 1480 per
467 1423 796 1465 inconsideratam
817 1422 922 1464 illam
946 1435 1210 1477 vesanamque
1229 1420 1424 1463 licentiam
1446 1420 1707 1476 ignominiose

156 1492 379 1535 traducunt.
440 1489 552 1533 Nibil
573 1492 676 1533 euim
702 1490 893 1533 eiusmodi
926 1497 993 1532 aut
1014 1489 1181 1547 apostoli
1202 1504 1369 1546 unquam
1394 1491 1598 1542 fecerunt,
1641 1496 1709 1532 aut

155 1567 249 1604 aute
278 1560 480 1618 apostolos
511 1559 724 1616 prophetae
756 1559 1064 1601 constituerunt.

271 1626 353 1671 lmo
379 1643 477 1671 vero
499 1626 667 1685 Moyses
690 1628 729 1670 in
760 1629 919 1670 deserto
947 1642 1105 1670 carmen
1132 1642 1243 1670 suum
1269 1627 1484 1670 concinens
1513 1627 1706 1669 canticum
1734 1642 1814 1688 0⁸1>-
1825 1644 1887 1676 lx.

156 1698 232 1741 deo
263 1697 485 1740 modulatur
515 1711 537 1739 a
566 1697 662 1739 mari
698 1698 926 1752 digressus:
970 1700 1192 1746 Cantemus,
1238 1697 1386 1752 inquit,
1419 1699 1591 1746 domino,
1619 1699 1706 1750 glo·
1721 1709 1868 1746 anomia,
1888 1713 1913 1740 1.

156 1770 261 1809 οὐκ
285 1770 383 1809 enim
414 1767 682 1819 magnfficatus
711 1773 793 1807 est.-
848 1780 980 1819 equum
1012 1774 1052 1806 et
1077 1781 1310 1807 ascensorem
1349 1768 1485 1806 deiecit
1514 1768 1555 1805 in
1585 1779 1701 1806 mare.

157 1834 280 1892 Atqui
300 1842 381 1878 tum
405 1834 503 1877 viris
525 1834 793 1877 accinenubus
818 1835 1003 1877 mulieres
1025 1834 1072 1876 ab
1097 1834 1172 1876 illis
1193 1835 1426 1886 abfuerunt,
1459 1841 1501 1876 ut
1522 1836 1706 1892 pudorem

157 1903 465 1959 modestiamque
488 1904 803 1956 demonstraret,
847 1910 886 1946 et
907 1910 948 1945 ut
970 1903 1125 1945 divinae
1147 1903 1246 1960 legis
1266 1902 1500 1959 gravitatem
1527 1918 1572 1946 ac
1595 1905 1710 1946 disci-

160 1970 303 2029 plinam
323 1972 566 2014 ostenderet.
627 1970 763 2027 Pergit
788 1986 884 2014 vero
911 1971 1075 2025 deinde,
1116 1975 1244 2013 Maria
1265 1987 1384 2026 porro
1407 1981 1619 2026 tympanum
1644 1988 1709 2014 su-

161 2053 288 2090 ms,
331 2039 505 2094 praa'bae
535 2041 779 2090 mulieribus,
830 2049 869 2081 et
893 2042 1063 2090 ‹lh-ebat,
1110 2044 1308 2082 Cantemus
1329 2044 1499 2090 domino,
1539 2044 1709 2095 gloriose

160 2111 258 2150 emh
285 2108 552 2161 magnificatus
573 2116 643 2149 ese.
706 2106 782 2151 Cui
818 2109 1002 2152 mulieres
1029 2109 1110 2166 pari
1142 2110 1256 2151 modo
1286 2110 1564 2163 succinebant,
1609 2126 1710 2167 quae

161 2183 205 2220 et
222 2190 275 2220 ex
300 2176 438 2219 eodem
457 2182 543 2218 erat
558 2189 722 2231 genere,
750 2183 791 2218 et
813 2178 1096 2233 quodammodo
1115 2192 1234 2235 supra
1252 2186 1405 2222 ceteras
1423 2179 1641 2233 eminebat3
1669 2187 1710 2221 ut

108 2263 113 2268 ¹
162 2245 301 2288 velex
323 2244 397 2287 boc
420 2257 497 2286 uno
530 2243 748 2300 imperitum
779 2259 824 2287 ac
847 2245 1038 2302 plebeium
1065 2246 1218 2288 illorum
1244 2247 1448 2289 consilium
1473 2249 1709 2291 institutum-

163 2326 240 2371 que
263 2313 469 2356 refellatur
495 2312 559 2368 qui
593 2313 790 2369 peregrini
813 2314 1007 2370 dogmatis
1038 2315 1214 2371 pudenda
1241 2315 1305 2357 illa
1329 2330 1376 2357 ac
1400 2316 1549 2358 nefaria
1575 2331 1711 2374 perpe-

162 2387 285 2426 trant.
346 2381 411 2423 Ad
437 2380 534 2422 baec
555 2380 603 2422 de
627 2382 918 2424 resurrectione
941 2382 1128 2439 propbeta
1154 2383 1211 2425 sic
1232 2384 1426 2439 loquitur:
1459 2388 1513 2425 Et
1528 2387 1813 2438 plangenezaen.
1827 2392 1917 2430 1¹,12

166 2450 362 2500 flamia,-
395 2451 518 2491 tribus
539 2465 590 2490 ex
608 2452 766 2491 adverso
789 2451 935 2499 tribue,-
969 2452 1091 2492 eribus
1108 2453 1262 2493 Nathan
1279 2467 1353 2505 per
1371 2467 1473 2502 sese,
1517 2461 1554 2494 et
1572 2468 1710 2494 uxores

165 2519 319 2570 ιἸζοπηιι
341 2521 524 2567 seor-stin,-
569 2519 691 2558 wilm
712 2521 807 2559 Iuda
823 2533 896 2572 per
915 2534 1018 2569 sese,
1060 2528 1101 2561 et
1117 2535 1256 2561 uxores
1277 2523 1429 2561 illorum
1450 2524 1606 2562 seorsim
1629 2527 1706 2563 etc.

166 2583 238 2631 Sic
265 2594 306 2630 et
338 2586 504 2644 apostoli
533 2586 726 2629 ecclesiae
762 2587 1119 2644 praescripserunt3
1163 2602 1235 2631 uec
1273 2603 1350 2631 non
1387 2596 1426 2630 et
1458 2589 1637 2632 dominus
1671 2590 1709 2632 in

164 2655 371 2712 evaugelio
402 2655 599 2698 mandavit
633 2662 673 2696 et
703 2656 741 2697 in
778 2668 853 2697 una
890 2655 1003 2698 nobis
1034 2656 1256 2713 exemplum
1294 2657 1493 2713 praebuit,
1539 2672 1624 2699 cum
1659 2658 1712 2700 ita

164 2720 320 2767 flurin
340 2723 464 2766 dixit:
494 2726 590 2764 Noli
604 2739 661 2764 me
679 2731 859 2777 tangere5
882 2726 1044 2766 nondum
1061 2728 1157 2766 enim
1173 2728 1330 2766 ascendi
1343 2728 1395 2766 ad
1408 2734 1554 2779 paeoem
1576 2741 1706 2768 meunt.
1754 2740 1857 2772 toa-u.

1752 2776 1788 2805 10
1816 2777 1858 2807 n.

165 2789 228 2835 lt·
251 2806 369 2850 porro
389 2792 505 2836 Giezi
534 2794 581 2835 ad
608 2791 891 2835 Sunamitidem
916 2793 1110 2836 accedens
1146 2794 1328 2835 feminam
1353 2794 1530 2850 repellit,
1577 2809 1626 2838 ue
1648 2810 1713 2838 or·
1730 2810 1757 2839 ⁴.
1775 2798 1852 2847 tte..
1871 2812 1899 2841 t.

166 2858 297 2903 dinem
321 2860 512 2914 violaret,
554 2875 599 2903 ac
624 2861 898 2918 prophetarum
925 2861 1105 2904 instituto
1134 2862 1406 2904 contumeliam
1430 2864 1595 2906 taceret.
1657 2863 1713 2907 At

168 2928 356 2986 propbeta
377 2930 517 2986 spiritu
537 2937 673 2973 sancto
696 2930 904 2972 instinctns
923 2930 1058 2973 dolore
1080 2932 1298 2973 conlectam
1319 2944 1410 2974 esse
1427 2929 1711 2975 Sunamitidem

216 3042 295 3076 Cn.
321 3043 380 3076 tx.
407 3063 448 3069 —
500 3046 526 3079 t.
563 3044 814 3085 „Ratiocinatio
840 3049 915 3078 ew·
1008 3045 1040 3078 2.
1056 3046 1113 3078 m.
1127 3046 1233 3079 petav.
1247 3047 1455 3088 colomrepet.
1474 3042 1712 3082 mandendae·—

168 3089 203 3122 tn
223 3090 367 3131 aarum
387 3090 554 3133 adso-ipsit
579 3092 738 3125 petavius.
965 3088 1135 3134 hoducvoe.
