2020 3276
393 207 474 250 618
853 216 1067 251 mmmm
1093 217 1151 251 ΕΤ
1175 215 1472 250 coamentem.

393 296 511 329 Colon.
543 295 662 329 vitiose
694 302 784 330 extat
811 295 851 332 Bk
871 308 934 341 pro
954 307 1001 331 τε.
1029 315 1067 321 -
1114 295 1137 329 l.
1158 296 1207 330 10.
1243 291 1422 340 ὁριζόμενοι
1446 295 1553 330 firmat
1571 295 1726 329 venetus.
1749 313 1796 322 —
1839 294 1927 331 218.

391 349 456 389 οἷπό
479 353 538 388 τοῦ
561 348 631 389 ἅνω
653 354 734 388 Ven.
757 372 803 379 —
847 353 868 386 1.
883 354 935 387 21.
962 352 996 389 έν
1016 352 1067 399 τῷ
1088 354 1147 390 τοῦ
1169 353 1312 397 πονηροῦ
1335 349 1432 398 τύπῳ
1455 353 1540 387 ven.
1567 370 1607 378 —-
1653 351 1676 386 1.
1696 352 1748 387 12.
1766 351 1809 386 ab
1825 350 1937 386 infor.

390 407 478 452 ὅρίον
502 407 645 454 γνώμων
667 411 751 444 Ven.
777 430 820 436 —
867 409 887 443 Ι.
906 411 956 444 11.
978 409 1020 443 ab
1042 410 1103 444 inf.
1129 408 1269 449 καὶτὰς
1286 413 1378 453 τρεῖς
1398 410 1479 442 Ven.
1510 427 1546 434 -
1595 407 1665 444 l.3.
1683 408 1727 444 ab
1745 407 1845 443 infer.
1866 406 1929 454 μό-

392 477 443 501 νον
468 463 487 502 ὅ
508 465 630 511 κριτής
652 464 765 511 εὖρεθ.
790 468 872 501 Ven.

479 523 586 570 ¹⁹⁸8·
607 524 708 560 ⁵04.
755 524 777 557 l.
802 523 852 558 16.
876 519 982 565 ὅλως,
1006 531 1086 558 unte
1105 521 1125 560 δ
1143 521 1292 568 ἠλίθιος,
1319 534 1387 556 non
1406 522 1508 556 habet
1528 523 1612 556 Ven.
1636 540 1682 549 —
1724 521 1748 556 l.
1767 521 1820 557 17.
1847 521 1929 555 Cor·

389 580 459 625 rige
481 579 667 625 γεγένηται.
690 600 734 607 ——
780 580 869 615 1.10.
891 581 933 615 ab
951 581 1013 614 inf.
1049 581 1204 614 Rescribe
1225 592 1264 614 ex
1288 579 1487 613 auctoritate
1515 579 1636 614 Vononi
1662 578 1724 615 καὶ
1746 578 1776 614 εἰ
1795 575 1814 614 ὅ
1834 589 1927 614 κεκτ.

391 637 481 671 Idem
506 637 590 670 liber
613 649 678 672 om.
704 638 804 672 verb·
828 633 1006 682 ἀπορήσας
1026 637 1204 682 πέπρακεν.

478 695 586 742 ¹³⁸3·
604 695 705 732 500.
750 694 847 729 1.21.
881 694 1092 735 Κολοσσαείς
1124 696 1194 728 Bas.
1225 701 1259 727 et
1282 695 1363 727 Ven.
1411 692 1511 734 Quod
1538 692 1778 727 restituendum
1799 698 1861 726 ent.
1887 710 1929 718 -

389 751 412 784 l.
427 751 483 786 22.
510 751 659 785 Restitue
679 750 900 791 Λαοδικείας,
925 758 958 784 et
975 751 1051 785 dele
1073 758 1188 784 annot.
1216 753 1244 784 1.
1266 769 1311 776 -
1357 751 1380 785 1.
1394 750 1448 785 23.
1482 750 1621 795 Repone
1644 749 1840 795 ιαίρῑιιι-ιιιι
1858 749 1931 782 Vo-

389 808 459 842 neti
482 809 540 844 τοῦ
561 805 638 853 παρ’
659 805 763 855 αὐτῷ.
793 828 831 834 -
878 808 900 841 1.
918 807 971 842 27.
1002 807 1050 844 ἔτι
1072 803 1150 852 παρ’
1174 804 1285 843 αὐτῶν
1304 809 1386 841 Veu.
1415 825 1453 832 —-
1503 806 1588 840 lbid.
1612 805 1671 842 καὶ
1690 806 1758 842 τῶν
1779 802 1930 842 ἀποστό-

391 866 455 901 λων
479 867 560 898 Ven.
584 885 628 892 -
673 865 696 900 1.
715 867 746 900 5.
771 865 812 899 ab
835 866 896 899 inf.
927 864 1112 910 ἐκκλησίας
1134 863 1289 908 σωτήρια
1312 863 1371 900 καὶ
1394 865 1479 898 Ven.

479 923 587 970 Ρη.
602 924 704 960 508.
749 922 840 958 1.11.
876 923 934 959 τοῦ
960 935 992 958 κ.
1015 924 1056 957 Δ.
1087 919 1284 966 εὐαγγελίου
1315 927 1427 954 tuetur
1455 921 1539 954 Ven.
1564 939 1608 947 -
1653 919 1676 954 1.
1697 921 1748 955 11.
1767 919 1810 954 ab
1830 919 1932 955 infer.

392 979 581 1025 Μαρκίονος
604 981 673 1014 Bas.
722 982 772 1014 Ita
798 979 918 1013 iterum
943 979 1042 1024 paulo
1067 985 1154 1024 post.

480 1037 587 1084 ¹³⁸3·
604 1037 706 1075 570,
751 1036 773 1070 l.
790 1036 845 1071 23.
873 1034 951 1082 ὑμῖν
973 1042 1084 1070 tuetur
1106 1035 1207 1069 etiam
1230 1036 1315 1068 Veu.
1343 1055 1380 1060 —
1430 1034 1452 1068 l.
1468 1033 1523 1069 26.
1558 1032 1628 1079 ἐγώ
1649 1040 1727 1080 pout
1745 1030 1839 1070 Ἰδοὺ
1863 1044 1930 1067 non

390 1093 490 1127 babet
512 1095 596 1129 Ven.

478 1151 586 1198 '’⁸3-
602 1151 705 1188 572.
750 1151 771 1184 1.
796 1151 846 1186 11.
883 1150 1030 1184 nestitae
1053 1162 1093 1183 ex
1111 1150 1195 1183 ven.
1220 1148 1286 1189 ἕως
1307 1146 1392 1185 πότε
1423 1145 1593 1193 ἀνέξομαι.
1619 1166 1660 1174 -
1708 1147 1731 1182 1.
1749 1146 1782 1182 9.
1802 1147 1848 1182 ab
1868 1147 1931 1181 inf.

390 1207 634 1254 Παρέρχεσθαι
657 1208 741 1253 (bis)
765 1209 848 1242 Ven.
875 1228 915 1233 —-
963 1207 983 1241 1.
1008 1206 1133 1252 penult.
1160 1203 1409 1243 εἰποκτενόντων
1435 1207 1508 1239 Bas.

479 1265 586 1312 Pag.
603 1266 705 1302 574.
750 1265 772 1301 l.
788 1265 820 1300 3.
854 1261 1116 1309 Ὀμολογῆσειεν
1140 1264 1224 1297 ven.
1252 1282 1292 1290 -
1339 1263 1360 1296 1.
1382 1262 1433 1297 13.
1458 1261 1501 1296 ab
1520 1261 1583 1295 inf.
1609 1257 1695 1297 ’Ὅτι
1713 1259 1840 1302 πάντας
1861 1262 1933 1296 nu.

389 1339 434 1347 —
456 1321 479 1354 l.
497 1322 529 1355 5.
552 1321 594 1355 ab
618 1322 678 1355 ins.
704 1323 813 1355 Verba
837 1331 921 1367 quae
944 1333 984 1354 ex
1008 1321 1082 1354 cod.
1109 1320 1215 1354 Vatic.
1239 1319 1368 1353 restitui
1393 1326 1504 1353 tuetur
1526 1319 1628 1354 etiam
1653 1320 1810 1354 Venetus.

480 1379 587 1425 Peg.
604 1379 705 1415 576.
753 1379 773 1412 1.
791 1371 825 1413 9.
858 1378 970 1412 Placet
989 1377 1110 1411 Veneti
1138 1377 1302 1422 scriptura
1333 1374 1577 1412 ἀκουσάτωσαν
1605 1373 1728 1411 αὐτῶν.
1750 1393 1798 1401 -
1841 1374 1934 1410 1.10.

390 1435 537 1480 Λέγεται
559 1436 643 1468 ven.
670 1455 707 1460 —
755 1436 777 1468 1.
791 1435 823 1470 3.
848 1436 889 1469 ab
912 1435 972 1468 inf.
1002 1434 1048 1469 Τί
1071 1427 1127 1470 οὖν
1151 1445 1217 1467 non
1242 1434 1364 1479 legitur
1386 1434 1421 1467 in
1444 1434 1527 1467 Ven.

479 1493 587 1540 Pag.
605 1492 707 1529 578.
752 1492 773 1527 l.
791 1493 842 1528 17.
866 1496 956 1526 Acue
974 1488 1109 1536 ἄπάρτι.
1135 1510 1175 1517 -
1222 1490 1244 1524 1.
1261 1491 1318 1525 22.
1344 1490 1436 1526 λίθου
1457 1488 1558 1536 βολήν
1579 1490 1662 1524 Ven.
1691 1506 1730 1516 —
1778 1488 1801 1523 1.
1816 1487 1869 1524 13.
1891 1488 1934 1522 nb

389 1549 451 1583 inf.
475 1549 626 1594 λέγοντες
647 1561 709 1594 pro
733 1549 846 1595 ἔλεγον
870 1549 972 1583 habet
997 1550 1079 1582 Ven-

479 1606 703 1653 νεῦσαι.
748 1607 836 1641 1.13.
860 1602 933 1651 μετ’
958 1602 1060 1641 αὐτοῦ
1082 1606 1165 1638 ven.
1184 1624 1223 1631 —
1260 1605 1348 1638 1.12.
1366 1604 1409 1637 ab
1427 1603 1488 1637 inf.
1513 1602 1548 1639 έν
1569 1601 1664 1648 νόμῳ
1683 1598 1836 1647 ἥμαρτον
1848 1602 1932 1636 Ven-

479 1664 586 1711 1³⁸3.
610 1663 714 1700 582.
758 1663 780 1696 l
805 1661 854 1698 14.
872 1659 1035 1707 Ἐγειραι
1058 1663 1140 1696 Ven.

480 1721 587 1767 Pas.
603 1721 706 1757 584.
753 1720 774 1753 l.
789 1719 823 1754 9.
850 1719 987 1764 Con-ige
1006 1726 1179 1753 accentum
1202 1717 1235 1751 in
1259 1729 1332 1750 voc.
1351 1716 1507 1761 “epifi-etat.
1533 1735 1574 1742 ·—
1621 1716 1643 1750 1.
1661 1715 1711 1751 18.
1734 1714 1845 1750 Verba
1864 1709 1950 1761 τᾷ·
1983 1743 1989 1753 ,

1943 1757 1993 1787 '’⁴¹'‘

392 1777 536 1813 συνετῶν
559 1789 626 1811 οιιι.
650 1779 733 1811 Ven.
759 1796 802 1803 -—
850 1777 870 1811 1.
897 1778 947 1810 10.
971 1776 1014 1810 ab
1035 1775 1096 1808 inf.
1134 1774 1316 1814 Μωῦσέως
1335 1774 1444 1808 ταῦτα
1467 1773 1575 1818 λέγει,
1599 1771 1720 1806 onim
1743 1771 1932 1817 negatione,

390 1835 508 1868 Venet.

480 1892 712 1939 vogaso.
757 1892 777 1925 1
797 1891 846 1926 16.
881 1888 1103 1927 έπιστευσατε
1124 1895 1238 1922 tuetur
1258 1888 1358 1921 etiam
1382 1888 1465 1920 Ven.
1499 1907 1533 1912 —
1582 1886 1603 1920 1.
1621 1886 1677 1922 23.
1698 1885 1850 1931 Χριστοῦ
1870 1885 1934 1919 nb-

391 1955 441 1982 est
459 1960 479 1982 a
500 1950 644 1982 veneto.

480 2006 584 2052 Pag-
604 2005 709 2042 588.
753 2006 775 2038 Ι.
793 2007 824 2039 5.
847 2001 924 2048 παρ’
948 2000 1042 2050 αυτῷ
1068 2009 1180 2036 tuetur
1203 2003 1303 2035 etiam
1325 2002 1408 2034 Ven.
1434 2020 1476 2026 -—
1522 2000 1544 2033 1.
1563 2000 1615 2033 10.
1635 1998 1765 2046 διανοίᾳ
1784 2000 1868 2034 Van.
1892 2017 1932 2025 ·—

390 2062 485 2097 1.11.
509 2063 575 2106 τῆς
597 2060 662 2107 γὰρ
686 2061 883 2106 φιλοκαλίας
904 2062 989 2094 ven.
1017 2079 1057 2086 —
1103 2060 1124 2093 l.
1141 2059 1173 2094 3.
1196 2059 1238 2092 ab
1263 2059 1324 2091 inf.
1348 2055 1533 2101 ἱερωσύνην
1557 2057 1641 2090 Ven.

479 2120 584 2166 ¹³⁸3·
612 2119 713 2154 590.
760 2119 782 2151 1.
795 2118 825 2151 3.
840 2118 881 2151 ab
897 2117 959 2150 inf.
984 2117 1070 2157 Πῶς
1083 2113 1215 2152 πάλιν“
1197 2130 1213 2152 ο
1233 2115 1370 2161 ἔλεγχος
1390 2110 1479 2150 οὕτω
1498 2107 1592 2158 εὗρον
1611 2109 1762 2157 ηδυνατο
1779 2111 1834 2157 (ἓ)
1850 2113 1935 2147 Vm.

480 2177 587 2223 Pag.
605 2176 708 2212 592.
753 2175 774 2207 l.
790 2174 822 2207 8.
855 2187 957 2218 ηυρον
980 2175 1063 2207 Ven.
1092 2193 1131 2199 —
1180 2173 1274 2207 1.10.
1308 2172 1423 2205 Scn'be
1452 2168 1584 2207 ἐλθόντι
1611 2181 1674 2215 pro
1697 2167 1797 2236 ἐλᾷὁν
1817 2180 1862 2205 τι.
1890 2188 1933 2194 —-

389 2233 485 2269 1.17.
509 2227 531 2268 ἃ
552 2232 602 2277 μή
626 2239 706 2266 ante
735 2229 887 2268 ἀκούωσι
907 2243 973 2264 om.
1000 2232 1081 2264 ven.
1129 2231 1256 2263 Tuetur
1276 2230 1418 2262 fortasse
1434 2228 1632 2273 scripturam
1651 2222 1693 2262 ἵν’
1713 2221 1737 2262 ἃ
1755 2221 1806 2272 μὴ
1827 2223 1935 2262 ἀκού-

392 2302 465 2326 ωσι.
490 2310 531 2316 -
579 2290 600 2322 l.
626 2289 684 2322 ult.
710 2291 834 2322 Vocem
859 2288 932 2323 υἱοῦ
955 2294 1067 2320 tuetur
1092 2299 1178 2320 nunc
1200 2286 1381 2320 auctoritas
1405 2284 1538 2318 Veneti.

480 2346 705 2394 Pag.594.
750 2346 772 2378 1.
795 2345 827 2379 3.
862 2357 906 2388 ην
940 2341 1033 2390 αυτῷ
1061 2346 1132 2377 Bas.
1160 2363 1199 2369 —·
1248 2343 1270 2377 l.
1294 2343 1348 2377 20.
1384 2341 1535 2375 nestitae
1567 2337 1653 2377 ἀλλὰ
1675 2337 1755 2381 τους
1786 2351 1828 2374 οι
1851 2340 1934 2373 Von.

392 2412 426 2438 et
451 2406 522 2438 Bas.

481 2462 589 2508 Pag-
606 2461 709 2497 500.
754 2459 775 2493 1.
800 2459 848 2495 19.
884 2459 1105 2503 μαρτυροῦσιν
1139 2459 1211 2491 Bas.
1237 2476 1277 2482 -
1326 2456 1347 2490 1.
1367 2455 1398 2491 7.
1420 2455 1463 2489 ab
1481 2455 1542 2489 inf.
1577 2455 1714 2500 Repoue
1735 2452 1938 2500 σχηματίσῃ

393 2530 431 2551 ex
455 2519 539 2552 Ven.
565 2524 600 2551 et
624 2519 694 2550 Bas.

482 2574 714 2623 Peg-,598
759 2571 1088 2616 l.1.Reponendus
1120 2571 1264 2604 sortasse
1295 2569 1452 2603 articulus
1484 2566 1564 2609 τοὺς
1588 2574 1668 2602 ante
1697 2564 1865 2612 οὖρανοῦς.
1891 2585 1933 2592 -

393 2633 414 2666 1
440 2634 490 2667 12.
514 2633 555 2666 ab
579 2632 678 2665 infer.
703 2627 825 2670 αυτους
847 2628 907 2664 σῦν
931 2625 1025 2674 αυτῷ
1051 2630 1133 2661 Ven.

483 2689 580 2736 ¹²⁸3
606 2687 777 2724 000.1.
793 2687 825 2720 2.
865 2686 1000 2730 Con-ige
1021 2682 1135 2724 αυτὸς.
1184 2685 1248 2718 Pro
1278 2680 1424 2729 φάσκεις
1446 2683 1480 2716 in
1503 2683 1584 2716 Ven.
1607 2680 1729 2726 legitur
1751 2677 1865 2726 φάσει.
1895 2699 1932 2706 -

394 2745 415 2777 1.
433 2746 485 2778 21.
511 2745 621 2778 verba
641 2743 701 2779 καὶ
720 2739 910 2788 προφήταις
931 2742 1050 2775 absunt
1071 2753 1090 2774 a
1111 2742 1192 2774 Ven.
1220 2759 1259 2765 -
1306 2734 1823 2782 l.24.Bas.habetm1-r}p.—
1858 2736 1881 2770 l.
1897 2736 1930 2771 2.

394 2802 438 2834 ab
461 2801 560 2835 infer.
587 2799 679 2840 εἶπες
701 2801 785 2833 Ven.

485 2858 592 2904 Peg.
608 2858 711 2893 002.
756 2857 778 2890 l.
795 2855 826 2890 6.
848 2863 925 2889 ante
949 2855 1003 2888 fin.
1040 2854 1133 2887 Corr.
1157 2851 1362 2889 οἷναλυθείσα
1399 2871 1442 2878 —-
1486 2822 1848 2885 1.10.ιιῐ)ἰιι1“οι·.καὶ
1869 2861 1933 2894 με-

396 2912 581 2957 ταγγισμόν
603 2915 685 2947 Ven.
710 2933 752 2938 -
799 2913 820 2946 1.
834 2916 867 2946 ὅ.
887 2912 929 2945 ab
950 2911 1046 2944 infer.
1072 2907 1168 2946 αὐτοί
1186 2921 1288 2955 φασιν
1307 2907 1516 2953 ἐπιστρέφειν
1538 2905 1612 2948 καὶ,
1639 2906 1767 2940 omissis
1787 2906 1931 2954 reliquis,

397 2970 480 3001 Ven.
506 2989 546 2994 —
593 2970 615 3003 l.
633 2970 664 3004 3.
689 2970 731 3002 ab
755 2970 816 3002 inf.
839 2966 1006 3015 πρόβατον
1024 2965 1063 3003 τὸ
1085 2965 1352 3010 πεπλανημένον,
1388 2963 1539 2999 τουτέστι
1562 2963 1648 2996 ven.
1675 2982 1714 2988 —
1762 2963 1784 2997 1.
1805 2962 1932 3008 penult.

399 3023 636 3069 ἐπιμελόμενος
660 3027 742 3058 Ven.
