1976 3262
417 198 599 233 Pmsnu
624 200 710 234 Lm.
728 200 788 234 ΙΙΙ.
811 201 921 235 ΤΟΜ.
939 203 965 235 Ι.
990 202 1124 236 ΗΑΕΒ.
1142 202 1339 235 Lxxxm.
1593 194 1648 237 99

96 286 203 338 tre·
224 277 287 322 sni
309 277 449 321 similis
470 292 559 321 esse
577 279 646 322 lilii
670 285 844 336 patrem,
876 287 916 322 et
939 280 1057 323 filium
1082 282 1247 325 similem
1275 294 1365 325 esse
1392 281 1538 338 patris,
1571 296 1648 338 quo

98 360 158 392 οι
191 354 300 404 petre
329 346 432 390 filins
469 346 720 404 intelligitur.
764 347 890 390 ,Tum
929 348 1002 390 hoc
1042 349 1203 406 insuper
1237 350 1468 402 statuimus,
1521 363 1647 407 eoque

99 415 282 473 domate
312 424 483 460 mntem
511 415 560 458 ab
597 416 702 458 omni
728 414 992 459 Sabelliorum
1017 430 1065 458 ac
1096 426 1318 460 ceterorum
1347 432 1484 461 errore
1508 432 1650 476 purga·

99 498 212 528 aaut
256 498 384 541 neque
418 485 537 527 lilium
573 491 723 540 patrem
749 498 840 527 esse
875 498 1019 541 posse,
1067 499 1193 540 neque
1215 494 1364 542 patrem
1393 487 1537 540 lilium,
1578 487 1648 531 sed

95 552 220 597 fllium
241 552 489 605 ense-fllium,
515 559 556 596 et
575 559 724 609 patrem
746 566 837 595 esse
862 560 1028 609 patrem,
1058 568 1136 595 non
1162 554 1296 596 lilium.
1358 553 1404 597 ln
1427 555 1488 598 his
1509 554 1649 613 quippe

97 628 283 668 mata
303 635 560 678 personarum
585 621 785 664 distinctio
818 621 1066 673 continetur,
1110 628 1150 664 ut
1184 629 1333 678 patrem
1370 624 1650 680 sempiternum

92 701 191 734 -eese
214 696 390 747 panem,
431 696 472 732 et
494 689 625 732 carnis
653 696 885 746 expertem,
927 696 1044 746 atque
1075 690 1358 743 immortalem,
1403 691 1521 734 filium
1553 706 1650 736 vero

96 757 220 803 fitium
255 771 347 802 esse
380 771 560 814 semper,
608 771 682 800 nec
711 772 880 813 unquam
907 765 1056 813 patrem
1089 772 1180 800 esse
1212 759 1461 802 definiamus.
1521 759 1650 804 Porro

98 839 188 881 ee-
209 840 356 880 mapa·
373 826 538 869 dicimus
562 826 636 868 boc
654 826 780 882 ipsum
799 826 1002 878 volumus,
1047 826 1134 868 eius
1159 826 1388 883 hypostasin
1415 835 1528 870 extra
1553 836 1650 872 tem-

96 908 173 952 pas
190 908 334 947 cnm,
372 901 412 937 et
444 894 728 950 intelligentiae
757 894 1148 950 comprehensionem
1173 909 1278 938 esse.
1341 893 1422 938 Sed
1450 896 1557 939 illum
1584 898 1651 940 de-

98 962 217 1020 niqne
237 963 461 1006 carneade
483 963 603 1019 patris
620 963 822 1006 voluntate
842 963 1083 1020 suscepisse,
1105 978 1150 1005 ac
1171 970 1336 1006 mortem
1354 971 1490 1007 nostra
1511 979 1650 1008 caussa

98 1031 352 1078 nti-nisse.
413 1029 568 1086 Quibus
598 1031 701 1074 bunc
731 1032 771 1074 in
802 1031 958 1074 modum
988 1031 1134 1087 liquido
1167 1031 1372 1086 stabilitis,
1417 1034 1566 1090 egregii
1596 1034 1651 1076 illi

101 1099 251 1145 erroris
271 1100 427 1157 patroni
452 1100 529 1142 duo
556 1100 744 1156 quaedam
770 1100 925 1143 efficere
949 1100 1140 1142 nituntur.
1202 1099 1374 1142 Primum
1396 1109 1440 1143 ut
1464 1115 1514 1144 ne
1538 1109 1653 1159 pater

8 1200 11 1201 ν
98 1167 266 1225 emptius
287 1181 336 1211 ae
356 1167 486 1221 fitius,
518 1169 587 1211 sed
610 1168 809 1223 ingenitus
829 1182 876 1210 ac
894 1169 1053 1224 genitus
1077 1169 1242 1211 dicatur.
1305 1167 1395 1225 Qua
1416 1170 1571 1212 ratione
1591 1171 1652 1213 l'u-

96 1249 190 1281 um
211 1250 256 1283 ae
278 1237 433 1289 fecere,
465 1244 584 1292 atque
610 1236 816 1279 ecclesiam
837 1236 1125 1280 circumvenire
1147 1244 1283 1294 putant
1305 1252 1439 1295 posse.
1500 1237 1651 1282 Verum

99 1305 165 1362 qni
201 1304 420 1350 divinornm
456 1319 588 1346 reruni
624 1304 816 1361 sapientia
847 1305 1016 1361 pollent,
1060 1320 1306 1362 nequaquam
1341 1307 1415 1350 hoc
1448 1307 1649 1364 ignorant,

98 1372 264 1430 ingeniti
286 1386 425 1416 vocem
448 1372 676 1415 inferiorem
701 1387 790 1415 esse
816 1373 938 1430 patris
963 1374 1144 1426 nomine,
1186 1382 1395 1432 propterea
1415 1377 1517 1432 quod
1540 1377 1653 1433 inge-

100 1441 174 1485 niti
193 1441 303 1485 notio
324 1454 419 1498 prae
439 1455 483 1484 se
504 1441 596 1483 illud
627 1455 744 1483 unum
778 1443 878 1493 fert,
923 1449 966 1483 ut
987 1457 1066 1484 non
1098 1457 1188 1485 esse
1213 1443 1370 1500 genitus
1392 1444 1650 1501 intelligatur,

99 1510 272 1556 nondun
295 1516 426 1552 tamen
449 1509 552 1552 sitne
575 1515 688 1565 pater
707 1510 895 1552 declarat.
956 1510 1012 1552 At
1034 1525 1131 1552 vero
1151 1518 1263 1567 pater
1283 1512 1447 1568 amplius
1470 1514 1651 1570 quiddam

98 1586 163 1622 eat
181 1577 347 1634 ingeniti
370 1578 586 1630 vocabulo,
618 1577 801 1633 quoniam
825 1578 863 1619 in
887 1578 984 1631 hoc,
1030 1579 1083 1620 uti
1108 1579 1214 1631 dixi,
1258 1579 1319 1622 vis
1342 1580 1408 1623 illa
1432 1581 1552 1638 patris
1572 1596 1651 1625 non

96 1646 350 1704 exprimitur.
421 1644 502 1688 Sed
534 1647 575 1688 in
608 1646 729 1702 patris
760 1646 917 1688 nomine
949 1646 1042 1688 illud
1077 1661 1153 1689 una
1188 1648 1461 1703 significatur,
1502 1657 1653 1706 patrem

98 1729 179 1760 non
195 1728 287 1760 eene
307 1714 447 1767 fitium,
479 1715 513 1757 si
534 1714 691 1771 proprie
711 1722 824 1770 pater
846 1714 1101 1771 intelligatur,
1134 1730 1181 1757 ac
1207 1716 1270 1758 sui
1289 1716 1430 1760 similis
1460 1731 1551 1760 esse
1580 1718 1652 1760 mii

97 1782 347 1840 principium.
408 1783 590 1826 Alterum
620 1783 722 1839 quod
745 1783 939 1840 perficere
962 1783 1198 1826 studuerunt
1220 1784 1316 1838 fuit,
1359 1792 1400 1827 ut
1423 1785 1650 1829 dissimilem

97 1850 275 1895 essentia
294 1851 418 1894 filium
444 1851 567 1907 patris
593 1865 684 1893 esse
715 1851 872 1909 scriptis
901 1853 1146 1895 mandarent.
1210 1850 1300 1907 Quo
1335 1854 1493 1897 nomine
1525 1855 1653 1898 eecle-

95 1919 199 1965 ἤδη
230 1919 496 1964 condemnare
531 1933 576 1962 se
609 1933 728 1976 posse
765 1928 952 1976 putarunt
981 1921 1031 1963 iis
1062 1921 1190 1964 literis
1225 1935 1322 1978 quas
1351 1922 1399 1964 ab
1437 1922 1655 1966 venerabili

101 1988 288 2046 episeopo
319 1980 446 2032 Hosio
478 2002 548 2045 per
586 1989 762 2030 fraudem
794 1988 1063 2042 abstulerunt,
1109 1991 1150 2031 in
1179 1990 1319 2046 quibus
1353 1990 1554 2034 dissimilis
1592 2006 1656 2034 es·

99 2057 229 2101 sentia
252 2056 413 2114 legitur.
475 2055 624 2100 Verum
647 2070 734 2098 cum
760 2054 989 2100 Orientales
1013 2055 1201 2101 Sirmium
1225 2059 1392 2114 profecti
1419 2059 1533 2102 buius
1558 2075 1655 2117 quo-

101 2138 177 2182 qne
213 2125 391 2167 haeresis
420 2124 707 2181 improbitatem
730 2140 808 2167 una
845 2141 932 2171 cum
957 2126 1044 2170 aliis
1070 2134 1205 2170 essent
1231 2127 1449 2185 complexi,
1491 2142 1542 2170 ne
1564 2143 1654 2185 pro-

100 2200 188 2250 pter
204 2207 275 2236 ens
294 2193 358 2250 qui
378 2192 608 2235 orientalem
634 2194 724 2236 fidei
747 2195 1033 2250 professionem
1057 2203 1286 2251 pervertere
1309 2210 1388 2238 non
1412 2196 1652 2248 dubitarant‚

94 2262 154 2310 ad,
173 2261 412 2310 reddendam
438 2262 631 2304 rationem
661 2261 980 2319 impellerentur,
1023 2263 1266 2307 substantiae
1291 2279 1458 2318 nomen,
1503 2266 1605 2322 quod
1631 2279 1655 2307 a

102 2329 281 2387 patribus
305 2330 353 2373 ad
378 2343 448 2373 eas
470 2344 633 2373 caussas
656 2344 751 2386 quas
773 2331 973 2387 attigimus
994 2331 1033 2373 in
1058 2346 1169 2376 usum
1198 2340 1398 2390 receptum
1421 2334 1571 2386 suerat,
1604 2333 1654 2375 ab

102 2398 370 2445 ecclesiastiea
403 2397 511 2441 omni
546 2398 724 2441 doctrina
760 2399 968 2456 profligare
1002 2402 1132 2443 conati
1165 2410 1279 2454 sunt,
1324 2409 1366 2444 ut
1397 2402 1468 2444 hac
1499 2401 1654 2444 ratione

101 2480 216 2514 mm
245 2466 439 2511 baeresim
470 2467 792 2510 corroborarent.

218 2533 290 2579 Sic
318 2534 423 2579 enim
447 2536 549 2592 apud
582 2548 628 2578 se
671 2535 914 2591 cogitarunt,
954 2535 990 2578 si
1021 2538 1187 2580 excluso
1221 2537 1463 2580 substantiae
1494 2537 1653 2580 nomine
1670 2547 1841 2593 cmxv.

96 2603 261 2652 ¹actione
281 2604 369 2648 sola
398 2618 445 2647 ec
466 2604 668 2647 voluntate
693 2603 859 2645 similem
881 2604 1002 2659 patris
1026 2619 1116 2648 esse
1141 2605 1261 2648 filium
1288 2606 1488 2657 dicerent,
1530 2605 1654 2648 licere

102 2672 178 2716 sibi
215 2672 368 2716 sublato
401 2686 563 2729 prorsus
596 2671 840 2714 substantiae
864 2672 1020 2715 nomine
1046 2673 1272 2715 dissimilem
1302 2674 1504 2730 deinceps,
1548 2674 1649 2730 quod

103 2740 152 2784 etl
179 2740 306 2798 ipsum
328 2754 418 2784 esse
442 2748 482 2783 et
503 2740 679 2783 existere
713 2739 907 2796 pertinet,
950 2741 1071 2797 patris
1093 2742 1347 2800 pronuntiare
1371 2742 1509 2784 filium.
1569 2740 1651 2785 Sed

104 2847 141 2889 itt
160 2839 299 2900 Semper
317 2860 429 2888 entem
451 2853 590 2888 dicimus
609 2861 748 2908 propter
766 2859 857 2887 tem-
924 2852 978 2910 ,6.
1003 2857 1041 2889 In
1065 2856 1153 2889 tibris
1184 2857 1279 2898 vulno
1309 2858 1353 2890 est
1371 2857 1520 2898 amptum
1541 2850 1653 2900 ὥςπερ

104 2898 197 2946 pods
216 2899 440 2935 exclusionem
469 2906 504 2934 et
524 2900 729 2935 substantiae
763 2910 852 2933 com·
899 2911 968 2935 ουν.

107 2941 439 2992 μὺωιὶδίῑίιιιαιι.
947 2945 1024 2978 Cn.
1054 2946 1129 2979 XV.
1154 2965 1197 2972 -
1246 2946 1274 2981 1.
1299 2944 1424 2989 ἕξουσιν
1447 2941 1564 2987 effetae
1583 2947 1651 2980 cod.

151 2987 186 3026 4.
208 2990 296 3026 ubi-t
317 2992 430 3027 hebent
453 2987 471 3027 8
497 2990 568 3036 μὲν.
902 2993 963 3026 len.
1010 2988 1127 3031 οὐσίας
1151 2990 1277 3034 Reum
1299 2994 1373 3027 editu·
1403 2993 1482 3026 libri.
1533 2988 1652 3030 ου’σίας

152 3036 184 3071 5.
208 3037 365 3080 &aripti
387 3036 421 3073 εἴ
441 3048 489 3082 γι.
538 3038 624 3072 Libri
644 3038 757 3072 habent
779 3036 856 3072 εἴτε.
901 3046 1007 3071 vocem
1029 3047 1089 3072 οιη.
1113 3039 1182 3072 eod.
1205 3038 1336 3081 thedia.

1311 3096 1376 3138 ⁷*
