2020 3276
384 205 466 248 750

428 292 601 326 nitentium
645 297 724 335 post
766 291 967 336 baptismum
998 291 1027 325 si
1061 291 1133 337 quis

427 355 598 394 peccasset
633 347 715 382 ibid.
748 367 791 375 —
848 354 885 382 at
924 348 1132 393 poenitentia

981 212 1127 247 mmzx
1149 210 1319 248 Renum.

1225 295 1303 326 ³27.
1331 312 1372 319 —
1406 304 1464 327 cur
1483 292 1633 328 Christus
1648 293 1683 328 in
1702 294 1928 340 gloriamini

1224 356 1258 382 et
1281 350 1433 395 Moysem
1457 349 1610 385 adhibuit
1630 352 1711 387 ⁸20.

426 406 538 439 iterari
560 411 694 451 potest,
727 404 909 450 baptismus
927 416 995 439 non
1017 411 1132 450 potest
1180 404 1327 439 Christus
1359 417 1533 451 resurgens
1566 406 1690 457 subtile
1721 418 1843 453 eorpus
1872 408 1928 443 in-

426 465 505 497 497.
540 482 582 488 -
639 473 740 507 puros
771 473 808 495 se
839 462 1130 496 vocant-cathari

427 531 500 554 cum
521 519 590 553 sint
610 518 728 563 impuri
750 521 829 552 499.
855 537 894 545 -—
930 531 1129 564 comparan-

423 584 479 610 tur
500 576 655 610 Basilisco
677 578 754 609 604.
781 595 818 602 -
859 575 983 610 similes
1004 576 1126 610 Catha-

425 633 471 668 ris
512 634 583 667 sive
624 632 816 666 Novatianis
857 633 1052 668 Donatistae
1094 634 1127 667 in

426 690 540 724 Africa
560 690 642 724 ibid.

384 747 555 782 Catholica
592 747 674 800 fides
712 759 871 792 quaenam
905 748 949 782 sit
981 759 1058 781 vera
1096 753 1130 780 et

427 803 615 839 orthodoxa
639 807 720 838 25⁷.

382 862 608 896 Caulaucauch
628 861 708 907 quid
726 861 891 906 significet
911 861 1000 907 apud
1022 861 1131 895 Nico-

425 919 521 952 laitas
546 921 600 952 79.

382 976 666 1010 Cerdonianorum
688 976 833 1010 haeresis
855 979 909 1010 21.
937 982 1015 1021 post
1031 974 1129 1008 Chri—

427 1033 632 1067 stianismum
655 1035 732 1066 299.
760 1053 799 1060 -
847 1046 866 1067 a
887 1044 954 1078 quo
975 1032 1023 1066 sic
1042 1032 1129 1065 dicta

426 1091 506 1125 ibid.
541 1111 585 1118 -
650 1091 711 1124 sub
765 1101 832 1135 quo
879 1092 969 1135 Papa
1013 1089 1132 1124 vixerit

426 1151 504 1182 900.
529 1168 574 1175 --
597 1147 668 1181 eius
687 1147 844 1192 dogmata
865 1147 944 1181 ibid.
970 1165 1009 1172 -
1036 1148 1131 1181 Mar-

428 1205 530 1239 cionis
551 1216 748 1250 praecursor
767 1204 832 1238 suit
853 1204 962 1237 Cerdo
983 1206 1059 1238 300.
1088 1223 1129 1229 --

427 1263 496 1297 eius
518 1262 631 1296 brevis
654 1261 815 1296 refutatio
839 1263 917 1295 301.

383 1319 599 1354 ceremoniae
622 1319 774 1353 Iudaicae
795 1318 838 1352 ad
862 1319 1065 1353 Christianos
1083 1318 1130 1352 ri-

426 1384 480 1410 tus
501 1377 734 1411 reserebantur
757 1379 811 1410 19.
830 1373 835 1378 ’

383 1434 672 1468 cerinthianorum
690 1433 834 1467 haeresis
853 1433 924 1466 sive
934 1432 1132 1468 Merinthia-

428 1503 545 1525 uorum
559 1517 569 1532 ,
604 1503 688 1536 quae
709 1497 761 1524 est
783 1497 901 1524 octava
930 1497 1009 1535 post
1033 1489 1131 1523 Chri-

427 1548 634 1582 stianismum
662 1550 738 1581 110.
777 1567 817 1575 -—
866 1547 923 1581 ubi
956 1546 1132 1581 Corinthus

426 1605 590 1639 haeresim
622 1605 771 1650 profiteri
805 1604 956 1650 coeperit
985 1604 1066 1638 ibid.
1090 1623 1131 1630 -

429 1664 535 1696 lesum
550 1675 570 1696 a
581 1662 713 1696 Christo
729 1662 896 1707 separavit
910 1661 991 1694 ibid.
1003 1664 1079 1694 111.
1089 1680 1133 1687 --

429 1719 536 1764 legem
581 1731 653 1752 esse
695 1719 817 1753 bonam
859 1718 944 1752 dixit
973 1717 1055 1755 ibid.
1091 1737 1132 1744 -

428 1776 599 1822 apostolos
619 1776 766 1810 turbavit
782 1776 861 1810 ibid.
886 1795 931 1802 -
977 1777 1077 1810 Petro
1098 1786 1135 1808 se

429 1833 588 1878 opposuit
618 1833 699 1867 ibid.
723 1852 767 1860 -
812 1832 987 1866 seditionis
1018 1839 1135 1866 auctor

429 1890 510 1924 ibid.
534 1910 577 1917 -
623 1897 696 1923 erat
719 1890 928 1924 circumcisus
950 1890 1031 1923 ibid.

386 1946 591 1980 Cerinthiani
614 1946 822 1991 evangelium
845 1946 1009 1980 Matthaei
1031 1946 1132 1979 muti-

429 2003 502 2037 lant
522 2006 599 2037 113.
620 2022 660 2030 -—
691 2010 844 2037 asserunt
862 2003 1028 2037 Christum
1047 2014 1133 2036 non-

430 2060 510 2093 dum
541 2071 615 2093 esse
643 2073 662 2094 a
684 2060 824 2094 mortuis
859 2060 1037 2094 excitatum
1068 2060 1133 2093 ibi-

431 2117 518 2151 dem.
545 2136 585 2143 --
633 2117 676 2150 de
701 2117 827 2151 semine
857 2117 989 2162 iosephi
1022 2123 1134 2150 natum

433 2174 600 2208 refutatur
618 2177 694 2207 115.
720 2193 760 2200 —·-
801 2174 1015 2208 Merinthiani
1035 2173 1135 2207 etiam

431 2230 585 2264 dicuntur
597 2230 812 2271 cerinthiani,
835 2237 914 2264 sunt
931 2231 1019 2264 enim
1035 2230 1135 2264 iidem

433 2291 510 2322 11⁵.
536 2291 611 2322 116.
638 2308 678 2314 —
727 2295 762 2322 et
788 2287 866 2322 ideo
888 2287 1057 2332 Sepedoni
1081 2287 1132 2321 bi-

432 2345 525 2391 cipiti
542 2345 692 2390 serpenti
712 2345 894 2390 comparati
917 2345 998 2378 ibid.

387 2402 536 2436 Cerinthi
557 2409 591 2436 et
612 2402 742 2435 loannis
761 2402 953 2447 discrepans
972 2401 1136 2435 sententia

432 2459 475 2492 de
501 2459 633 2493 Christo
656 2463 733 2492 424.

317 2545 320 2549 .
388 2516 492 2550 eham
510 2516 595 2549 filius
609 2515 730 2549 Noemi
750 2515 968 2549 Palaestinam
989 2526 1136 2560 occupa—

435 2572 503 2614 vit,
540 2573 628 2606 unde
656 2573 749 2618 regio
779 2572 946 2606 chanaam
980 2574 1055 2605 704.
1092 2590 1136 2596 -

433 2629 501 2663 eius
526 2630 583 2663 filii
606 2630 686 2664 ibid.

390 2686 537 2720 Christus
568 2699 629 2720 nos
659 2687 821 2726 redemit,
856 2686 916 2720 sed
948 2698 1016 2720 non
1042 2687 1135 2727 emit,

434 2750 469 2776 et
491 2743 687 2789 redemptor
708 2752 760 2778 est
782 2751 898 2778 noster
919 2755 986 2777 non
1005 2750 1136 2788 emptor

434 2803 511 2834 309.
534 2821 577 2827 -
612 2801 783 2846 quomodo
805 2801 916 2835 minor
939 2802 1060 2834 Ioanne
1081 2799 1138 2833 di-

434 2865 527 2891 catur
550 2861 627 2892 314.

391 2912 556 2948 Christum
582 2926 698 2948 verum
727 2914 829 2948 fuisse
854 2914 1024 2948 hominem
1053 2925 1137 2958 pro-

434 2969 532 3002 batur
563 2981 607 3004 ex
639 2970 855 3015 Magdalenes
887 2970 1072 3004 ministerio
1102 2970 1135 3004 in

434 3026 596 3070 ungendis
634 3027 774 3071 pedibus
810 3027 935 3061 domini
972 3029 1049 3061 825.
1093 3045 1135 3052 —

435 3087 509 3115 tum
528 3093 572 3115 etr.
588 3081 665 3116 aliis
683 3082 770 3117 loeis
797 3091 914 3118 eontra
930 3083 1138 3118 Marcionem

1222 460 1314 503 duit,
1347 469 1382 495 et
1415 462 1532 498 clausis
1562 463 1669 498 ianuis
1691 470 1744 499 est
1762 464 1928 510 ingressus

1222 521 1297 551 593.
1324 538 1369 544 -
1415 530 1473 553 cur
1504 520 1674 556 cicatrices
1697 521 1847 567 corporis
1877 522 1928 556 sui

1222 575 1396 609 retinuerit
1415 575 1496 610 ibid.
1522 596 1567 604 -
1611 576 1718 612 ianuis
1735 577 1854 613 ebuis
1873 578 1930 613 in-

1221 643 1351 676 gressus
1379 639 1431 666 est
1460 632 1595 668 ibidem.
1617 652 1663 662 —·
1709 635 1768 669 αἰι·
1798 634 1930 670 'dic-stur

1225 688 1372 722 Christus
1382 689 1546 734 primitiae
1556 690 1789 727 dormientium
1797 693 1876 727 ou.
1885 710 1929 718 —

1223 752 1301 778 ante
1324 745 1417 780 iilum
1439 746 1537 780 multi
1559 754 1806 783 resurrexerunt
1824 747 1904 782 ibid.

1181 801 1301 835 Christi
1323 802 1527 847 praedicatio
1553 803 1688 849 quando
1708 803 1840 839 initium
1863 805 1928 839 ha·—

1223 858 1295 892 buit
1325 862 1382 893 48.
1406 878 1451 886 —
1505 871 1571 905 qua
1598 867 1719 895 aetate·
1737 861 1930 906 praedicare

1225 916 1373 962 coeperit
1395 916 1476 950 ibid.
1503 935 1550 943 -
1594 917 1728 964 quaudo
1754 918 1928 953 obtrecta-

1222 979 1314 1006 tores
1342 973 1496 1008 habuerit
1515 973 1598 1008 ibid.
1623 980 1684 1001 —'
1713 974 1848 1020 qnando
1871 985 1929 1010 re-

1223 1029 1425 1075 demptionis
1453 1041 1537 1075 opus
1561 1043 1622 1076 per
1642 1031 1831 1076 passionem
1851 1031 1930 1067 rne-

1224 1087 1269 1120 rit
1292 1093 1449 1121 executus
1479 1087 1559 1121 ibid.
1584 1106 1629 1114 —
1671 1088 1708 1123 in
1730 1100 1830 1124 carue
1849 1100 1930 1134 pus-

1223 1155 1296 1184 eus,
1319 1144 1356 1177 in
1375 1143 1551 1178 divinitate
1571 1144 1654 1179 nihil
1673 1156 1791 1191 passus
1806 1147 1864 1180 40.
1883 1164 1931 1172 —

1224 1200 1321 1246 quale
1343 1212 1464 1245 corpus
1486 1201 1639 1236 habuerit
1658 1201 1695 1236 in
1718 1201 1810 1244 vita,
1833 1202 1930 1248 quale

1226 1264 1303 1302 post
1316 1257 1595 1293 resurrectionem
1610 1258 1787 1293 retinuerit
1795 1258 1875 1294 ibid.
1884 1277 1930 1286 —

1224 1314 1314 1348 idem
1336 1322 1415 1360 post
1437 1315 1713 1351 resurrectionem
1736 1315 1855 1351 clausis
1875 1316 1930 1350 ia-

1225 1371 1297 1404 nuis
1328 1371 1514 1416 ingreditur
1546 1371 1627 1407 ibid.
1666 1390 1708 1399 -—
1768 1372 1929 1419 apostolis

1224 1429 1396 1474 praecepit
1413 1428 1590 1463 veritatem
1612 1429 1735 1464 docere
1757 1437 1794 1464 et
1814 1429 1930 1475 bspti-

1225 1497 1302 1519 zarc
1319 1485 1354 1519 in
1375 1497 1466 1520 nom.
1485 1485 1588 1531 patris
1608 1493 1646 1521 et
1662 1486 1721 1522 filii
1742 1494 1778 1522 et
1794 1487 1930 1533 spiritus

1223 1542 1330 1576 sancti
1353 1545 1408 1576 50.
1769 1549 1773 1552 '

1181 1599 1304 1632 Christi
1333 1599 1518 1635 incarnatio
1543 1611 1658 1635 omnes
1689 1600 1819 1646 fugavit
1844 1601 1930 1636 hae-

1224 1667 1315 1689 reses
1338 1659 1397 1690 47.
1421 1675 1466 1684 -
1523 1664 1559 1692 et
1593 1657 1731 1692 verbum
1757 1658 1849 1694 iden
1878 1665 1931 1692 est

1224 1714 1372 1759 genitum
1403 1714 1447 1748 ab
1479 1721 1618 1749 aeterno
1647 1714 1730 1749 ibid.
1753 1733 1799 1743 -
1842 1724 1930 1766 fluo-

1226 1771 1327 1805 modo
1345 1782 1387 1805 ex
1412 1771 1519 1805 Maria
1538 1771 1670 1816 genitus
1696 1777 1930 1817 stou-:ceptus

1226 1827 1269 1861 de
1291 1828 1409 1873 spiritu
1433 1835 1549 1863 sancto
1570 1828 1652 1863 ibid.
1677 1847 1723 1855 —
1767 1828 1928 1865 naucita-

1226 1885 1270 1919 tis
1296 1884 1365 1919 eius
1389 1884 1569 1930 descriptio
1590 1888 1648 1920 48.
1857 1888 1860 1893 '

1183 1941 1330 1976 Christus
1352 1953 1410 1976 cur
1430 1942 1559 1976 decima
1577 1948 1695 1988 quarta
1713 1942 1792 1979 luna
1814 1953 1930 1988 putus

1226 2003 1305 2033 421.

1185 2057 1349 2091 Christum
1369 2068 1482 2090 verum
1507 2068 1579 2090 esse
1599 2056 1698 2091 deum
1716 2059 1791 2091 14⁸.
1815 2050 1862 2083 -'-
1895 2062 1932 2090 et

1227 2126 1268 2148 ex
1298 2113 1425 2159 virgine
1454 2120 1571 2148 natum
1601 2113 1673 2148 sine
1698 2113 1786 2148 virili
1804 2112 1932 2148 senine

1229 2175 1306 2205 144.

1183 2228 1352 2262 Christum
1383 2227 1486 2261 filium
1518 2227 1572 2262 dei
1598 2227 1690 2262 nulla
1710 2227 1841 2263 atione
1863 2226 1932 2263 did

1228 2292 1411 2319 creaturam
1436 2295 1534 2330 posse
1558 2286 1635 2318 ⁷59.

1185 2343 1332 2376 Christus
1346 2342 1426 2387 legis
1442 2341 1734 2386 complementum.
1751 2341 1829 2387 quis
1836 2341 1930 2377 chri-

1227 2407 1296 2433 stus
1322 2405 1356 2432 et
1379 2399 1433 2432 lex
1455 2409 1589 2432 omnem
1610 2398 1753 2444 impleut
1773 2397 1930 2433 iustitiam

1227 2459 1309 2490 369.

1184 2513 1331 2547 Christus
1353 2512 1529 2554 sacerdos,
1563 2519 1601 2546 et
1627 2512 1843 2556 sacrificium,
1875 2512 1932 2547 vi·-

1227 2571 1346 2611 ctima‚
1388 2569 1514 2611 altare,
1553 2569 1659 2611 deus,
1695 2569 1820 2613 hono,
1857 2579 1930 2608 rex,

1227 2627 1402 2672 pontifex,
1427 2627 1521 2667 ovis,
1545 2637 1649 2671 agnus
1670 2628 1748 2660 472.

1184 2683 1304 2717 Christi
1322 2683 1518 2717 sacrificium
1541 2683 1651 2717 omni·
1670 2681 1814 2718 extinxit
1829 2682 1931 2717 ued-

1227 2740 1300 2774 ficia
1325 2743 1402 2774 360.

1185 2797 1306 2833 Christi
1328 2797 1463 2832 nomina
1479 2796 1550 2831 sive
1566 2795 1737 2838 affiliatus,
1761 2807 1847 2842 qnae
1863 2796 1931 2832 illis

1227 2862 1385 2901 aptantur
1408 2857 1484 2888 758.

1185 2913 1332 2946 Christus
1355 2918 1477 2957 sponte
1498 2921 1558 2944 sua
1579 2921 1692 2954 passas
1710 2917 1762 2944 est
1783 2914 1838 2945 74.

1186 2969 1332 3002 Christus
1356 2967 1500 3012 losepho
1522 2973 1663 3012 apparet
1686 2967 1797 3012 primo
1817 2969 1896 3003 1⁸2.
1989 3011 1991 3013 ι

1186 3025 1307 3059 Christi
1326 3024 1395 3058 vita
1420 3023 1535 3058 ordine
1562 3023 1693 3068 digesta
1721 3031 1757 3058 et
1780 3024 1931 3071 exposita

1227 3084 1307 3115 439.
