2020 3276
448 222 630 257 umen
654 222 739 256 ms.
761 223 820 256 ιιι.
841 222 951 256 Tou.
974 223 998 255 1.
1021 221 1154 256 men.
1171 221 1330 254 Lxxvr.
1579 209 1663 251 297

115 302 325 364 *tie-'e
343 302 548 346 mul-sus.
596 301 702 344 Nam
720 301 903 344 diviuitas
926 315 1053 357 neque
1076 301 1208 344 efferri
1229 314 1320 343 sese
1343 299 1526 357 postulat,
1551 298 1662 355 quasi

114 371 296 424 ώτίι,
337 383 467 428 neque
497 370 775 413 sublimitatem
811 369 1000 425 requirit,
1046 369 1139 411 licet
1172 370 1221 411 ab
1254 369 1404 425 ignaris
1433 367 1663 424 quibusdam

114 439 377 500 ”edicendo
408 453 487 482 uon
510 439 734 491 attollatur,
780 451 908 494 neque
934 437 1048 479 ullius
1072 437 1239 479 hominis
1265 437 1583 494 pronuntiatione
1607 435 1667 478 di·

113 507 291 556 vi-'tstis
319 507 539 551 substantia
569 514 740 550 constat.
798 505 895 549 Non
922 506 1026 548 enim
1052 506 1248 547 bominum
1277 513 1551 547 ceterorumve
1576 518 1665 561 pro·

114 577 221 625 latis
237 576 398 634 gloriari
420 575 566 633 poterit
586 576 661 618 deo
681 589 749 627 se,
793 575 901 617 velut
927 574 1141 630 indigenti,
1181 574 1346 629 gloriam
1374 574 1570 630 decusque
1596 573 1665 615 tri-

114 645 278 698 bisse,
314 651 384 688 sut
419 645 546 688 eidem
585 644 843 701 omnipotenti
869 643 1147 699 adoraudoque
1173 643 1248 684 deo
1274 642 1495 684 ornamenti
1521 641 1665 698 aliquid

113 713 321 768 attulissef,
368 727 482 769 quem
516 713 671 769 quidem
709 713 824 754 deum
861 719 902 754 et
933 718 1153 753 creatorem
1194 711 1515 767 conditoremque
1553 725 1665 753 suum

111 781 309 840 gnesen.
367 780 464 824 Non
483 781 604 833 enim,
637 780 801 838 opinor,
836 787 911 822 tam
934 780 1131 836 exquisito
1154 793 1197 822 se
1222 780 1431 836 splendore
1452 780 1665 836 praeditam

108 850 342 903 existimat,
373 857 418 892 ιιι
442 850 561 892 etiam
589 850 834 892 conditorem
859 863 971 891 suum
996 862 1194 891 exornare
1218 849 1357 905 possit.
1419 848 1578 904 Alioqui
1603 861 1667 889 se·

114 917 320 976 *etipsa-
353 918 591 960 adorandam
622 932 714 961 esse
735 918 940 970 crederet,
983 932 1062 960 non
1090 931 1177 959 eum
1202 931 1317 973 quem
1341 917 1480 958 adorat
1501 930 1668 959 venera-

114 994 243 1030 retur.
302 983 438 1041 Quare
458 988 604 1029 trustra
626 987 818 1028 adversus
839 999 977 1028 omues
999 993 1080 1038 tua,
1113 1001 1137 1028 o
1157 986 1267 1038 Aeli,
1300 986 1501 1027 contendit
1522 985 1663 1027 oratio.

231 1054 339 1097 Aelii
358 1051 489 1111 Caput
512 1053 697 1098 xxvll.
760 1052 804 1097 Si
839 1069 926 1097 cum
957 1068 1006 1097 eo
1036 1055 1141 1097 omni
1167 1055 1268 1111 quod
1300 1055 1474 1111 genitum
1503 1061 1565 1096 est
1596 1053 1668 1095 im·

117 1122 261 1180 plicata
290 1129 333 1166 et
362 1123 571 1166 coniuncta
602 1137 765 1165 caussae
785 1123 894 1165 notio
917 1130 1000 1175 εει,
1046 1124 1222 1180 ingenita
1245 1137 1342 1165 vero
1365 1131 1504 1166 natura
1528 1137 1668 1165 caussa

117 1197 253 1243 earet,
283 1205 372 1234 cum
395 1192 611 1248 ingenitum
633 1191 820 1244 dicimus,
852 1206 930 1234 non
953 1206 1133 1235 caussam
1164 1192 1359 1248 aliquam,
1392 1192 1461 1234 sed
1486 1192 1670 1234 substan-

117 1259 226 1303 tiam.
241 1259 515 1317 exprimimus.

233 1325 397 1371 count.
432 1327 619 1372 XXVII.
695 1326 811 1384 Quod
855 1343 942 1370 cum
985 1329 1090 1371 omui
1130 1329 1264 1385 genito
1303 1329 1539 1386 implicatam
1578 1343 1668 1372 esse

117 1409 285 1440 cauae
305 1396 506 1439 notionem
531 1397 703 1449 asseris,
745 1396 995 1439 verissimum
1024 1398 1179 1454 quidem
1209 1405 1292 1450 est,
1337 1399 1406 1440 sed
1434 1413 1511 1440 non
1546 1399 1666 1450 istud,

118 1465 275 1522 qusia
294 1471 333 1507 te
355 1465 630 1518 didicerimus,
674 1465 920 1523 profitemur.
982 1465 1068 1508 Hoc
1095 1467 1197 1509 cuim
1226 1480 1320 1508 vera
1345 1467 1428 1523 ipsa
1455 1468 1553 1510 fides
1573 1467 1669 1509 iam-

117 1533 265 1576 dads-
294 1532 573 1590 praesenserat
601 1540 642 1575 et
678 1535 856 1590 professa
892 1535 1021 1576 tuerat
1041 1549 1088 1576 ac
1109 1535 1320 1587 docuerat,
1365 1535 1477 1577 deum
1501 1550 1669 1578 caussae

116 1615 209 1646 ene
240 1601 369 1645 omnis
402 1609 631 1660 expertem,
673 1616 747 1644 uec
785 1602 862 1644 ulla
896 1617 940 1644 re
973 1604 1234 1659 permixtum,
1279 1617 1352 1646 nec
1385 1604 1432 1645 ad
1464 1604 1579 1646 ullius
1610 1604 1668 1646 rei

117 1670 390 1728 aequalitatem
413 1684 530 1728 posse
549 1670 715 1712 demitti.
758 1669 862 1712 Nam
882 1679 1091 1728 propterea
1113 1672 1206 1714 nihil
1228 1672 1467 1715 adorandum
1488 1680 1668 1729 putamus

117 1738 221 1796 quud
250 1738 384 1781 diviua
412 1739 497 1796 ipsa
522 1747 663 1781 natura
687 1739 739 1781 sit
769 1739 948 1781 inferius.
1012 1738 1167 1797 Quippe
1199 1755 1287 1783 cum
1319 1741 1355 1783 ei
1386 1742 1459 1783 soli
1485 1741 1548 1797 qui
1576 1742 1670 1783 nulli

117 1807 321 1853 abiectu
350 1814 415 1850 est.
444 1808 498 1850 sit
529 1807 594 1850 ille
620 1807 747 1850 cultus
774 1808 1038 1860 adhibendus,
1082 1809 1182 1865 patri
1213 1810 1394 1852 videlicet
1423 1809 1600 1867 ingenito
1630 1818 1671 1852 ει

119 1874 228 1928 filio,
258 1875 324 1932 qui
346 1875 502 1932 abipso
524 1876 682 1932 genitus
707 1884 790 1928 est,
833 1883 874 1918 et
893 1877 1045 1933 spiritui
1071 1885 1233 1929 sancto,
1274 1878 1339 1934 qui
1361 1878 1410 1920 ab
1436 1879 1574 1920 eodem
1601 1892 1670 1935 per

120 1943 364 2000 unigenitum
386 1945 598 2001 productus
616 1952 693 1986 est.
754 1943 1081 2001 Quandoquidem
1103 1946 1197 1989 nihil
1220 1946 1259 1987 in
1281 1947 1454 1988 trinitate
1474 1954 1664 1999 creatum,

119 2013 216 2056 nibil
237 2025 404 2055 caussae
433 2011 500 2054 ulli
523 2020 586 2055 est
606 2012 840 2056 obnoxium.
901 2012 994 2055 Non
1027 2015 1131 2056 enim
1161 2015 1304 2071 aliquid
1332 2015 1371 2057 in
1394 2016 1458 2057 illa
1481 2023 1542 2057 est
1563 2030 1585 2058 e
1609 2018 1668 2058 ni-

119 2081 480 2138 biloproduetum,
511 2081 620 2123 velut
639 2088 774 2123 cetera
797 2096 897 2138 quae
922 2096 1102 2125 caussam
1125 2083 1294 2140 aliquam
1317 2085 1457 2126 sortita
1484 2098 1670 2127 caussae-

119 2163 196 2207 que
223 2149 401 2192 subiecta
431 2155 537 2191 sunt.
599 2147 797 2204 Quocirca
825 2165 911 2192 cum
932 2151 1124 2194 eiusmodi
1146 2166 1325 2194 caussam
1348 2153 1491 2195 nullam
1514 2154 1670 2195 trinitas

118 2218 283 2270 habat,
325 2217 576 2273 semetipsam
599 2218 721 2260 solam
741 2218 829 2260 siue
855 2219 934 2261 ullo
954 2233 1092 2262 errore
1114 2222 1350 2263 adorandam
1376 2221 1529 2273 docuit3
1573 2237 1670 2277 quo-

119 2287 223 2330 niam
251 2286 338 2329 sola
370 2299 534 2328 caussae
567 2286 695 2328 omnis
725 2293 787 2328 est
819 2300 989 2344 expers,
1035 2288 1186 2345 reliqua
1215 2303 1312 2331 vero
1345 2290 1474 2332 omnia
1506 2304 1527 2331 a
1560 2297 1669 2331 certa

117 2368 261 2399 caussa
293 2354 611 2412 proficiscuntur.
674 2353 784 2396 Haec
817 2356 919 2398 euim
950 2358 1052 2398 facta
1082 2365 1367 2414 procreataque
1401 2366 1515 2409 sunt,
1559 2365 1670 2415 pater

118 2424 345 2475 increatus,
388 2423 508 2465 silium
544 2423 693 2465 habeus
719 2436 742 2464 a
763 2437 807 2466 se
831 2425 1028 2480 genitum,
1071 2439 1149 2467 non
1181 2433 1377 2478 creatum,
1423 2434 1458 2468 et
1491 2434 1667 2469 sanctum

117 2493 295 2551 spiritum
315 2506 339 2534 a
356 2506 399 2534 se
419 2493 712 2549 procedentem,
736 2506 815 2534 uon
838 2494 995 2535 lactum.
1058 2492 1173 2549 Quae
1189 2509 1275 2536 cum
1296 2495 1348 2536 ita
1370 2508 1459 2536 sese
1481 2494 1665 2547 babeant,

120 2574 247 2619 neque
267 2561 425 2604 affectio
449 2562 525 2603 ulla
554 2561 593 2602 in
619 2561 858 2602 adoraudum
887 2562 1007 2603 filium
1034 2563 1097 2604 vel
1123 2562 1300 2619 spiritum
1326 2570 1503 2605 sanctum
1526 2565 1668 2606 redun-

119 2630 186 2673 det
205 2644 229 2672 a
249 2644 416 2683 caussa,
460 2629 612 2672 etiamsi
638 2629 856 2685 genitorem
890 2629 994 2671 filius
1018 2630 1159 2673 babeat
1190 2639 1336 2687 patrem
1352 2662 1363 2681 ,
1408 2645 1532 2687 neque
1557 2646 1668 2675 crea-

119 2706 183 2742 tae
202 2705 363 2742 ceterae
387 2712 452 2741 res
472 2698 691 2741 affectionis
714 2705 903 2754 expertes
928 2706 1044 2751 sunt,
1077 2713 1174 2752 quae
1197 2713 1248 2741 ex
1272 2713 1436 2741 caussae
1458 2701 1665 2744 sortitione

121 2767 262 2819 oritur,
295 2781 381 2809 eum
405 2767 484 2810 sint
505 2782 527 2808 a
551 2774 684 2823 patre,
719 2766 799 2807 silio
820 2773 858 2807 et
882 2766 1020 2823 spiritu
1041 2774 1180 2809 sancto
1203 2775 1445 2823 procreatae.
1506 2769 1561 2811 At
1580 2771 1665 2813 uni-

118 2835 274 2893 genitus
298 2835 392 2878 nibil
415 2849 468 2878 ex
494 2836 712 2877 istiusmodi
736 2848 899 2876 caussae
922 2834 1174 2877 attributione
1203 2836 1370 2892 patitur,
1404 2850 1530 2894 neque
1553 2840 1667 2895 spiri-

120 2909 183 2947 tus
205 2911 392 2957 sanctus,
424 2904 745 2960 quemadmodum
773 2916 898 2957 neque
924 2910 1034 2958 pater
1058 2903 1164 2959 ips03
1207 2914 1412 2961 propterea
1439 2907 1540 2963 quod
1564 2908 1668 2951 filius

121 2972 252 3028 genita
275 2972 432 3015 soboles
456 2981 540 3025 est,
584 2987 661 3014 non
681 2979 877 3014 creatura.
941 2969 1073 3026 Quare
1108 2972 1247 3014 nullam
1273 2987 1323 3014 ex
1354 2987 1401 3015 co
1429 2977 1529 3033 quod
1556 2978 1666 3033 geni-

122 3073 267 3098 cussam
282 3063 444 3109 passionis
458 3064 619 3098 sortietur
638 3063 740 3108 filius)
758 3067 788 3097 et
805 3064 966 3098 Potamou.
1013 3064 1100 3097 Libri
1122 3066 1217 3107 vulve
1240 3063 1341 3101 αἰτία.
