2020 3276
701 200 1136 236 Auacsrmmssosm.
1608 195 1690 236 565

141 277 287 324 int-sis
315 278 358 322 in
390 280 557 323 salutem
592 288 798 332 asserunt,
845 295 999 337 unaque
1039 296 1159 324 voees
1191 282 1376 338 quasdem
1406 280 1627 324 Rebi-sicas
1649 282 1690 324 in

142 345 231 402 du
255 346 321 403 qui
349 348 533 404 expietur
560 357 677 405 eaput
704 349 971 392 insusurrant.

254 412 440 472 ophitae.
503 415 555 459 Hi
574 424 796 474 serpentem
817 425 1060 460 venerantur
1077 432 1122 459 ac
1141 419 1384 475 praedicant,
1409 432 1576 475 eumque
1597 433 1687 463 esse

139 480 343 527 Chrtsun
372 492 571 528 asserunt.
633 484 695 529 ob
724 487 762 528 id
793 486 833 528 in
864 485 961 527 cista
993 494 1219 542 serpentem
1250 496 1476 529 asservant.

217 584 221 585 γ
250 549 409 596 caiani.
473 552 659 597 Veterem
683 554 833 611 legem,
867 561 908 596 et
930 568 1017 596 eum
1042 554 1106 610 qui
1130 549 1237 597 illius
1260 556 1360 611 legis
1386 563 1564 612 tempore
1575 556 1691 604 locu·

138 627 203 664 tus
224 627 287 665 est
303 622 524 678 repudiant.
586 622 935 665 Resurrectionem
961 623 1092 665 caruis
1115 622 1327 678 abnegant.
1387 621 1554 666 cainum
1583 638 1690 667 eom-

137 689 346 743 nudant,
387 706 501 747 quem
538 691 838 748 praestantioris
873 691 1075 733 cuiusdam
1102 692 1259 733 virtutis
1291 692 1410 734 fuisse
1443 693 1686 748 praedicant.

137 755 220 808 Sed
237 765 282 800 et
303 756 437 802 ludam
462 759 606 802 divinis
631 759 845 803 bonoribus
867 759 1062 813 afficiunt,
1095 774 1168 802 nec
1191 774 1269 802 non
1297 767 1337 801 et
1358 758 1489 813 Core,
1533 760 1688 805 Datban

141 833 186 868 et
214 826 391 879 Abiron,
423 842 468 870 ae
501 826 743 871 sodomitas.

249 893 446 939 Setbiani.
508 896 560 938 Hi
586 895 750 939 Sethum
776 896 954 939 laudibus
990 896 1174 938 efferunt.
1237 895 1364 952 Quem
1398 911 1451 939 ex
1480 912 1688 955 supremae

137 963 312 1020 potentis
333 965 574 1021 poenitentia
600 973 847 1022 procreatum
881 971 1039 1022 putant,
1085 980 1171 1008 cum
1188 997 1199 1017 ,
1246 963 1376 1008 Cai'no
1397 965 1603 1022 Abeloque
1628 968 1688 1009 in·

136 1032 339 1086 terieetis,
371 1048 589 1090 congressa
612 1034 807 1076 sinceram
832 1034 1018 1090 stirpem,
1063 1034 1246 1076 videlieet
1273 1033 1462 1086 Sethum‚
1509 1036 1684 1091 protulit,

135 1114 161 1143 ι
180 1115 259 1158 quo
287 1101 515 1147 universnm
551 1116 675 1159 genus
709 1103 906 1145 bominum
941 1102 1128 1144 manavit.
1189 1101 1400 1145 Postremo
1431 1103 1620 1160 principia
1648 1111 1688 1147 et

136 1168 375 1226 potestates,
408 1178 619 1227 ceteraque
649 1179 691 1212 ut
719 1171 784 1214 alii
815 1171 945 1214 omnia
975 1178 1168 1214 statuunt.

248 1306 495 1350 Archontici.
557 1306 696 1350 Plures
716 1308 781 1350 isti
802 1309 848 1350 ad
868 1307 1066 1365 principes
1087 1308 1270 1351 universa
1294 1309 1532 1359 referentes,
1566 1323 1685 1365 quae-

137 1387 306 1432 eunque
338 1376 442 1419 faeta
474 1383 568 1419 snut
595 1376 642 1419 ab
677 1377 753 1419 illis
783 1383 870 1418 orta
903 1377 1107 1419 definiunt.
1168 1376 1328 1419 Habent
1361 1384 1400 1419 et
1433 1378 1684 1421 foedissimae

134 1444 327 1500 ςαοᾶὸιιιι
358 1444 529 1487 libidinis
554 1459 694 1500 genus.
757 1443 902 1489 Carnis
927 1445 1259 1487 resurrectionem
1291 1453 1495 1502 respuunt.
1557 1445 1684 1489 Vetus

134 1518 409 1557 manentum
433 1514 674 1556 calumniose
699 1514 895 1556 reiiciunt.
959 1511 1206 1570 Quamquam
1226 1522 1268 1556 et
1293 1514 1389 1566 hoc,
1431 1522 1472 1555 et
1494 1529 1597 1556 novo
1623 1514 1685 1556 in-

134 1594 253 1638 super
281 1595 556 1638 nonnunquam
590 1589 773 1633 utantur,
816 1596 869 1624 ex
902 1582 1043 1638 quibus
1077 1582 1254 1639 singulas
1286 1583 1447 1624 voculas
1472 1583 1611 1625 callide
1634 1583 1684 1626 ad

131 1656 301 1693 mm
329 1664 441 1693 susm
472 1651 784 1693 accommodant.

244 1715 509 1770 cerdoniani,
541 1733 562 1760 a
585 1716 770 1761 Cerdone
784 1751 795 1771 ‚
829 1719 893 1775 qui
916 1733 1030 1775 quem
1051 1718 1099 1761 ab
1121 1718 1369 1762 Heracleone
1387 1733 1564 1762 errorem
1587 1720 1682 1762 hau·

131 1793 265 1840 serat,
306 1787 421 1830 novis
455 1787 626 1830 inventis
655 1788 834 1830 adauxit.
895 1787 957 1830 Ac
985 1802 1071 1829 cum
1094 1786 1262 1830 Romam
1289 1802 1311 1830 e
1336 1786 1455 1845 Syria
1480 1790 1680 1845 proiectus
1747 1815 1755 1822 ·

130 1862 261 1909 met,
295 1854 449 1912 Hygini
481 1870 604 1913 papae
640 1856 880 1913 temporibus
914 1870 984 1898 sua
1015 1857 1198 1912 dogmata
1232 1856 1519 1899 disseminavit.
1586 1856 1679 1900 Duo

131 1937 250 1979 porro
285 1923 473 1981 principia
506 1925 703 1967 contrarie
743 1925 911 1966 invicem
946 1926 1124 1967 affirmat.
1184 1923 1320 1981 Negat
1353 1923 1553 1968 Christum
1587 1940 1679 1969 esse

130 1990 320 2048 genitum.
380 1990 627 2035 Mortuorum
661 1993 942 2035 excitationem
974 2007 1059 2035 cum
1091 2000 1228 2035 vetere
1262 1999 1498 2036 testamento
1529 1994 1675 2037 reiicit.

242 2126 542 2171 Marcionistae.
603 2127 757 2172 Marcio
776 2130 963 2172 oriundus
987 2144 1040 2172 ex
1062 2128 1192 2172 Ponto
1215 2130 1398 2186 episcopo
1427 2138 1538 2187 patre
1560 2139 1676 2174 natus

130 2203 208 2239 est.
270 2196 307 2238 Α
329 2209 407 2252 quo
428 2196 479 2238 ob
498 2196 662 2253 virginis
681 2205 855 2254 stuprum
880 2199 1030 2241 eiectus
1052 2213 1104 2241 ex
1126 2199 1294 2241 ecelesia
1316 2198 1483 2241 Romam
1507 2201 1674 2256 aufugit.

130 2262 207 2308 Ubi
232 2278 320 2307 cum
341 2265 389 2306 ab
412 2264 462 2307 iis
484 2265 548 2320 qui
572 2272 651 2307 tum
674 2266 865 2308 ecclesiae
899 2274 1108 2323 praeerunt
1129 2268 1407 2324 poenitentiam
1440 2268 1583 2310 frustra
1609 2283 1677 2324 po-

129 2332 338 2384 stulasset,
382 2333 612 2375 catholicam
648 2333 761 2375 iidem
794 2348 1019 2391 oppugnare
1048 2335 1232 2378 instituit.
1306 2334 1571 2390 Quamobrem
1601 2336 1677 2379 tria

130 2415 220 2445 esse
249 2401 436 2459 principis
465 2401 589 2452 dixit,
622 2401 790 2452 bonum,
833 2402 975 2445 iustum
1005 2410 1044 2445 et
1064 2404 1222 2446 melum.
1283 2402 1442 2445 Novum
1465 2410 1678 2446 testamen-

129 2477 210 2513 tum
234 2484 258 2512 a
283 2476 421 2512 vetere
445 2469 696 2525 eiusdemque
725 2477 887 2512 auctore
919 2470 1088 2513 alienum
1122 2485 1212 2514 esse
1240 2472 1384 2514 docuit.
1448 2469 1593 2514 Carnis
1613 2485 1677 2515 re-

129 2538 416 2581 surrectionem
451 2538 623 2580 sustulit.
698 2536 791 2580 Non
825 2552 942 2581 uuum
976 2538 1167 2596 baptisma
1201 2540 1412 2591 duntaxat,
1455 2540 1523 2581 sed
1558 2541 1675 2583 etiem

129 2606 206 2651 tri·
229 2614 317 2664 post
340 2606 524 2648 delictum
555 2606 744 2662 indulget.
805 2604 887 2648 Pro
912 2607 1076 2650 mortuis
1108 2608 1262 2650 illorum
1292 2606 1584 2650 catechumenis
1607 2608 1676 2651 be-

130 2674 311 2732 ptismum
340 2675 405 2717 atii
438 2674 670 2730 suscipiunt.
732 2672 968 2717 Mulieribus
994 2676 1176 2718 conterre
1199 2675 1446 2732 ,baptismum
1478 2675 1565 2719 sine
1598 2677 1675 2721 ullo

129 2742 353 2786 discrimine
383 2742 586 2799 permittit.

242 2809 513 2854 Lueianistae.
577 2809 777 2853 Lucienus
812 2810 871 2853 bis
897 2811 1118 2867 antiquior,
1161 2826 1238 2853 nou
1266 2812 1367 2854 alter
1387 2812 1452 2855 ille
1475 2813 1539 2869 qui
1566 2811 1674 2858 Cou-

127 2903 209 2936 vm
256 2905 352 2944 Atque
369 2905 416 2936 itu
437 2904 549 2944 legitur
571 2905 604 2935 in
622 2904 793 2935 summm-to
813 2903 877 2936 Po·
924 2901 1053 2937 ἑαυτῶν
1082 2902 1165 2937 νοῦν.
1235 2904 1330 2945 νηίου
1361 2906 1443 2938 enim
1475 2906 1586 2947 lenitur
1616 2903 1673 2941 τὸν

129 2948 215 2981 nuru
236 2956 312 2989 peu.
328 2947 404 2981 230.
925 2946 1047 2983 ὶαυτδν
1069 2948 1154 2983 νοῦν.

173 2992 230 3025 30.
275 2993 311 3026 la
351 2993 492 3027 Penuria
534 2996 617 3026 extat
652 2989 881 3038 διαβάλλουσι,
970 2994 1025 3028 31.
1050 2995 1215 3035 Suspicor}
1247 2995 1315 3028 ticet
1344 2994 1583 3040 διαδεξαμένου
1601 3007 1673 3032 eum

129 3038 212 3079 quod
228 3039 439 3082 reponendum
455 3042 508 3071 est.
542 3040 610 3072 1nm
631 3040 801 3072 eomer-ius
813 3047 882 3072 ver·
926 3041 1064 3074 Petavio.

131 3084 167 3116 m
191 3081 444 3118 calumniantur.
477 3085 581 3122 Paulo
601 3087 671 3127 post
694 3085 806 3126 scripsi
823 3081 880 3120 τὸν
971 3084 1025 3120 32.
1048 3086 1135 3120 Libri
1157 3086 1268 3121 babent
1288 3087 1382 3131 vulgo
1405 3086 1548 3134 ρηγίνου,
