1976 3262
452 216 634 251 unani!
659 215 740 248 Lm.
758 215 818 248 m.
841 215 950 249 ToM.
975 215 1000 249 1.
1026 214 1158 248 BAER.
1183 213 1328 247 Lxxn.
1606 203 1657 243 61

113 298 240 340 ,ὗε
268 300 390 339 σίν-νει
412 299 514 338 hune
533 297 746 337 abderam
775 297 983 343 homae‘taeem5
1027 297 1200 348 quom'mn
1228 308 1303 335 non
1335 298 1482 333 emat
1506 305 1557 332 ex
1582 294 1663 331 eius

112 367 255 408 καίεο
275 369 458 420 princepe
486 366 648 420 amplius
675 367 720 404 ὑπ
745 365 863 411 tuda,
896 365 1029 403 sedens
1057 366 1096 403 in
1127 365 1262 403 throno
1291 363 1428 402 Dama.

227 431 327 477 Post
347 427 563 476 saee'oum
587 447 641 475 ex
669 431 831 474 Asterie
851 428 1067 473 Marcellus
1101 430 1286 472 nonnulla
1313 434 1663 471 commemorasset
1679 426 1759 472 cap.
1777 426 1865 460 Vm·

114 501 285 546 subiecit
312 502 502 545 Aeacius.

229 569 303 614 ni·
324 570 456 628 itaque
481 569 646 627 positis,
691 569 846 624 longius
879 567 1020 609 deinde
1044 580 1280 623 progressus
1302 567 1510 623 imaginem
1534 566 1663 608 salva·

113 638 215 682 teris
235 645 276 682 et
296 639 532 691 essentiam,
575 644 616 682 et
647 636 753 679 uuiei
788 636 853 678 filii
886 650 939 678 ex
970 641 1105 691 patre,
1150 649 1223 676 nec
1247 649 1323 676 non
1356 643 1395 676 et
1416 634 1664 691 primogeniti

113 706 243 750 ontis
265 714 471 751 uenturae
492 706 756 749 conditionem
785 718 959 761 negans,
990 711 1106 760 alque
1128 703 1231 744 illam
1257 703 1430 745 eiusdem
1457 703 1665 758 singulari-

113 781 262 828 utcu,
293 789 393 833 quae
417 790 441 818 a
465 774 654 832 singulari
680 774 755 816 deo
778 781 935 825 manat,
968 780 1008 814 et
1030 771 1313 829 perfectionem
1335 786 1358 812 a
1383 773 1580 828 perfecto,
1625 779 1666 814 et

114 844 264 902 regiam
287 844 338 887 ab
358 858 455 900 rege
477 850 732 900 potestatem,
777 857 799 884 a
824 841 981 883 domino
1005 840 1268 891 dominatum,
1312 848 1353 882 et
1375 840 1617 883 divinitatem
1643 857 1666 883 a

113 912 216 967 be,
245 920 287 956 et
305 913 520 956 essentiam
544 912 712 968 deniqne
733 926 781 953 ae
804 909 1027 961 eonsilium,
1058 908 1267 960 virtutem,
1299 908 1541 964 gloriamque
1561 910 1666 951 nullo

114 981 231 1025 nodo
248 981 431 1025 diversae
451 981 634 1037 imaginis
657 980 720 1022 dei
739 979 911 1021 funditus
938 978 1105 1029 tollens,
1138 991 1265 1033 neque
1289 977 1422 1033 paucis
1446 977 1577 1019 verbis
1600 993 1666 1019 co—

114 1063 201 1092 rs-
230 1049 455 1093 hominibus
489 1050 694 1101 inficians,
745 1049 922 1104 adeoque
960 1060 1092 1088 coram
1131 1054 1240 1102 patre
1275 1045 1382 1088 illius
1416 1045 1662 1098 inficiandus,

115 1117 214 1161 baec
241 1125 377 1176 aperte
406 1117 626 1175 scripsisti:
650 1115 875 1159 ‘Eiusmodi
903 1115 1024 1157 verba
1058 1129 1216 1171 pravam
1243 1114 1366 1172 ipsius
1401 1116 1450 1157 de
1473 1115 1596 1171 patris
1619 1130 1664 1157 ac

115 1187 184 1231 filii
209 1186 413 1230 divinitate
433 1186 669 1229 sententiam
694 1193 827 1242 aperte
853 1185 1139 1226 demonstrant.
1202 1182 1350 1226 Verum
1378 1191 1418 1225 tu
1436 1183 1515 1225 illis
1538 1184 1668 1240 potius

116 1255 309 1313 negandis
333 1269 560 1313 perversam
585 1255 914 1311 depravatamque
936 1260 1041 1294 tuam
1067 1253 1115 1294 de
1141 1250 1291 1295 Christi
1314 1251 1517 1295 divinitate
1538 1261 1579 1295 et
1603 1266 1667 1295 es-

116 1324 248 1368 uaria
278 1323 500 1383 opinionem
532 1330 665 1366 rectae
695 1322 783 1365 fidei
814 1321 1050 1364 contrariam
1082 1320 1287 1378 perspicue
1320 1321 1540 1378 prodidisti.

225 1389 326 1436 Post
354 1392 449 1435 haee
477 1389 660 1434 Marcelli
693 1391 813 1433 verba
843 1389 1016 1432 subiicit.
1682 1395 1761 1443 cap.
1788 1397 1848 1430 [Χ.

228 1461 364 1519 inepta
386 1460 548 1518 proinde
570 1467 662 1502 sunt
688 1473 789 1516 quae
808 1457 1026 1503 Marcell·
1036 1457 1210 1500 adiecitz
1242 1456 1354 1500 Nihil
1375 1473 1534 1512 eorum,
1567 1474 1667 1516 quae

115 1535 234 1574 antea
254 1535 658 1580 commemoraverat,
691 1541 782 1570 esse
806 1529 964 1579 statuit3
998 1534 1038 1569 tu
1066 1526 1168 1569 enim
1195 1526 1359 1569 istorum
1383 1528 1555 1569 omnium
1578 1542 1668 1571 esse

117 1611 261 1642 censes
289 1598 521 1654 imaginem.
583 1595 696 1640 Unde
717 1597 750 1638 si
772 1595 972 1638 essentiae
997 1595 1127 1652 imago
1150 1602 1234 1647 est,
1277 1595 1360 1652 ipsa
1387 1610 1477 1638 esse
1501 1611 1578 1638 non
1601 1611 1669 1653 po-

116 1674 197 1711 test
228 1666 419 1710 essentis.
482 1664 536 1707 Et
566 1666 600 1708 si
626 1664 778 1708 consilii
812 1664 942 1719 imago
975 1664 1052 1715 sit,
1096 1664 1301 1706 consilium
1333 1663 1458 1721 ipsum
1486 1679 1577 1707 esse
1599 1679 1669 1707 ne-

116 1736 224 1793 qnit3
254 1749 382 1792 neque
406 1734 556 1787 virtus,
588 1733 622 1777 si
645 1733 827 1785 virtutis3
858 1746 985 1788 neque
1007 1732 1132 1788 gloria
1147 1764 1159 1785 ‚
1202 1733 1235 1774 si
1255 1734 1409 1789 quidem
1433 1733 1562 1789 imago
1584 1734 1668 1788 glo-

117 1803 203 1847 riae
229 1811 306 1847 est.
364 1801 470 1846 Nam
497 1803 626 1859 imago
659 1817 737 1844 non
770 1802 829 1844 sui
855 1801 1001 1858 ipsius,
1047 1803 1115 1843 sed
1151 1802 1314 1844 alterius
1344 1802 1509 1843 alieuius
1540 1803 1668 1859 imago

120 1880 198 1916 est.
260 1869 341 1916 Sed
376 1872 474 1915 haee
506 1871 680 1924 insulsa,
723 1869 939 1922 Marcelle,
981 1877 1074 1912 suut
1105 1885 1151 1912 ae
1183 1871 1294 1913 falsa.
1356 1870 1542 1912 Asterius
1565 1871 1668 1912 euim

117 1940 249 1984 omnia
283 1939 381 1983 haec
418 1939 524 1982 illum
559 1954 649 1983 esse
680 1939 826 1982 indicat
861 1952 961 1995 quae
996 1947 1113 1981 antea
1136 1938 1382 1991 numeravit,
1426 1954 1513 1981 cum
1545 1938 1666 1981 dixit:

117 2007 214 2053 nex
234 2022 394 2065 regem,
440 2008 620 2051 dominus
650 2009 871 2060 dominum,
914 2009 1011 2050 deus
1039 2009 1170 2051 deum.
1233 2006 1387 2064 Quibus
1410 2007 1543 2050 verbis
1566 2014 1670 2049 tuam

115 2077 223 2122 illam
257 2076 467 2120 inanimam
501 2076 689 2134 effigiem,
731 2091 778 2119 ae
812 2077 923 2131 solo,
968 2084 1010 2119 ut
1042 2075 1262 2130 arbitraris,
1307 2076 1475 2119 hominis
1505 2076 1669 2118 artificio

117 2145 369 2189 constitutam
398 2144 571 2188 funditus
594 2146 752 2188 evertit.
797 2144 952 2203 Quippe
973 2146 1126 2188 illorum
1149 2145 1321 2188 omnium
1344 2146 1474 2188 vivam
1495 2159 1585 2187 esse
1601 2145 1670 2187 do-

117 2221 183 2259 eet
200 2213 426 2270 imaginem.
488 2212 578 2256 Hoe
598 2221 661 2256 est
687 2215 817 2257 vivam
843 2215 924 2257 vivi
952 2214 1147 2271 genitoris
1170 2213 1360 2270 effigiem,
1405 2221 1447 2256 et
1466 2214 1668 2257 essentiae

117 2282 347 2336 essentiam,
371 2290 411 2325 et
434 2282 587 2325 consilii
609 2281 833 2336 consilium,
856 2283 1013 2326 virtutis
1028 2283 1231 2335 virtutem,
1257 2291 1298 2325 et
1309 2283 1460 2339 gloriae
1475 2282 1667 2339 gloriam3

118 2365 247 2409 seque
269 2365 388 2409 porro
409 2351 469 2394 sui
489 2350 636 2408 ipsius,
667 2351 737 2393 sed
758 2351 922 2395 alterius
942 2352 1152 2408 imaginem
1174 2365 1264 2394 esse
1284 2351 1540 2394 demonstrat.
1603 2349 1671 2393 Tu

118 2433 216 2464 vero
249 2433 338 2473 eum
373 2419 488 2462 deum
525 2433 577 2462 ex
606 2419 681 2461 deo
705 2419 825 2462 lilium
849 2434 940 2464 esse
962 2421 1088 2474 nolis,
1133 2433 1260 2477 neque
1282 2420 1412 2462 lumen
1434 2420 1481 2461 de
1506 2418 1666 2471 lumine,

117 2501 247 2546 neque
269 2487 454 2531 virtutem
477 2502 530 2530 ex
554 2488 723 2541 virtute,
766 2502 894 2546 neque
915 2490 1051 2542 deum,
1096 2502 1224 2546 neque
1249 2489 1405 2540 lumen,
1440 2501 1566 2543 neque
1590 2487 1670 2529 vir-

117 2562 263 2609 tutem,
294 2570 369 2600 nee
389 2556 602 2599 essentiam
617 2589 629 2609 ‚
662 2570 789 2613 neque
811 2557 1042 2611 eonsilium,
1086 2571 1212 2614 neque
1251 2556 1415 2612 gloriam
1439 2570 1529 2597 esse
1550 2555 1668 2598 lilium

117 2624 324 2669 existimas
381 2626 405 2652 ”¹
464 2625 485 2648 ’
544 2627 566 2651 *
624 2626 693 2669 sed
726 2626 821 2667 haee
859 2625 975 2683 impie
1010 2640 1177 2683 eorpus,
1224 2625 1364 2680 influe
1394 2624 1546 2677 mundi,
1592 2638 1669 2667 una

117 2707 206 2738 enm
239 2693 318 2739 illis
338 2692 589 2751 extinguunt.
654 2696 708 2736 lta
745 2693 903 2737 loannis
936 2694 1029 2738 illud
1051 2694 1316 2738 testimonium
1341 2693 1537 2749 abnegas,
1578 2695 1670 2734 deus

118 2862 242 2910 δῦξῑν,
266 2864 389 2919 &vl-uli!
406 2866 493 2910 cett.)
511 2866 612 2911 impie
632 2878 696 2900 una
717 2877 790 2899 cum
807 2865 872 2899 hoc
916 2864 1003 2907 sita,
1042 2873 1100 2900 aut
1133 2871 1292 2910 corrupta
1324 2868 1439 2899 sunt‘⁴.
1501 2867 1671 2899 emerius

33 2940 38 2945 .
117 2922 260 2958 corpore
290 2911 465 2945 interitura
497 2923 569 2946 esse
598 2912 631 2946 in
665 2911 729 2945 flue
758 2910 872 2944 mundi
917 2912 1012 2944 verbo
1037 2921 1076 2944 e:
1096 2912 1197 2944 uerbis
1217 2913 1367 2953 expressit
1385 2912 1431 2943 uo
1452 2910 1575 2944 Verum
1595 2922 1669 2944 eor-

119 2967 265 2991 eenseas.
314 2958 379 2992 Pro
398 2952 438 2991 τὸ
460 2956 563 3001 σῶμα
581 2959 678 2999 pouit
694 2960 788 2991 etiam
809 2952 869 2991 ‹ni-
915 2967 975 3001 pus
1008 2956 1091 2991 bsee
1120 2955 1235 2990 abolet
1266 2955 1367 3001 impie
1398 2955 1431 2990 in
1463 2966 1669 2991 commma-

116 2998 158 3039 τὸ
180 3001 290 3047 θῦμα.
338 3003 488 3038 Paeonius
518 3005 551 3037 in
571 3013 675 3046 niara.
705 3013 782 3037 suae
802 3003 869 3035 edi·
914 3001 1006 3036 tione
1030 3012 1104 3037 cum
1127 3001 1188 3035 his.

118 3047 210 3085 ‘ds
235 3047 404 3091 decium!
435 3047 555 3093 „Haec
579 3048 689 3083 alieno
712 3047 788 3082 loco
810 3059 878 3092 po-
