2020 3276
481 200 663 236 rmanu
686 200 770 234 nm.
784 200 844 234 111.
867 200 976 234 Τοιι.
990 201 1015 233 1.
1038 199 1170 233 mun.
1184 199 1346 233 nxxui.
1614 185 1695 230 13⁷

148 282 407 334 sanantur,
451 287 534 324 tres
560 280 818 337 hypostases,
850 293 966 321 unam
990 281 1202 322 essentiam
1223 293 1270 320 ac
1293 277 1535 320 divinitatem
1559 290 1692 318 unam.

150 349 265 408 Qud
285 350 440 408 quidem
462 363 560 392 vera
583 349 679 392 fides
701 349 890 399 affirmat,
923 361 1024 403 quac
1049 362 1072 390 a
1095 347 1306 390 maioribus
1331 345 1496 398 tradita,
1529 345 1696 402 propbe-

149 419 243 472 tiea‚
274 418 503 474 evangelica
525 425 566 460 et
585 417 799 474 apostolica
823 423 1024 458 censetur.
1086 413 1214 471 Quam
1239 416 1293 457 illi
1315 415 1387 472 ipsi
1412 415 1582 472 professi
1605 422 1697 458 sunt

148 493 283 546 patres
306 486 431 529 nostri
454 493 495 529 et
517 485 716 543 episcopi,
758 485 822 542 qui
846 485 885 526 in
908 483 1090 526 Nicaena
1115 483 1269 540 synodo
1292 481 1543 526 Constantini
1566 484 1698 540 magni

148 568 197 599 as
225 554 443 600 Beatissimi
476 555 726 612 imperatoris
760 561 935 610 tempore
970 552 1126 595 collecti
1159 559 1266 594 sunt.
1327 550 1486 594 Utinam
1523 566 1619 594 vero
1657 559 1697 594 et

147 623 388 667 naenbilis
415 623 500 681 ipsc
521 622 711 665 Meletius
743 623 906 664 eandem
943 635 1030 663 cum
1054 619 1313 663 Antiochenis
1340 620 1423 662 suis
1447 620 1598 677 iisque,
1631 619 1696 676 qui

148 690 237 735 aliis
265 692 305 735 in
333 691 433 734 locis
463 691 624 749 perinde
657 692 858 742 sentiunt,
902 690 989 732 fidei
1023 690 1224 732 formulam
1249 696 1459 745 sequatur3
1497 703 1571 731 nec
1591 689 1696 731 enim

148 760 291 804 desunt
318 761 385 817 qui
422 774 511 803 cum
542 760 609 802 illo
653 767 693 802 et
724 774 811 802 cum
845 758 931 800 eius
952 758 1105 816 synodo
1128 758 1440 799 communionem
1469 757 1612 799 babere
1638 758 1697 799 vi-

149 829 314 883 dentur,
358 828 424 886 qui
454 828 495 871 iu
533 829 711 886 spiritum
741 835 919 870 sanctum
957 827 1242 869 contumeliose
1283 826 1459 868 nonnihil
1499 826 1694 868 effutiant.

147 895 253 941 Na-
279 892 377 940 'mm
407 898 456 940 de
482 898 564 940 filio
598 903 707 939 recte
728 896 925 948 sentiant,
957 895 1135 952 spiritum
1158 896 1283 952 ipsum
1308 902 1481 937 creatum
1507 902 1548 936 et
1578 910 1600 936 a
1624 895 1698 936 deo

149 978 313 1024 prora-
331 966 502 1009 atienu-
523 964 769 1008 existimant.
811 963 873 1007 De
893 964 1033 1021 quibus
1055 965 1095 1006 in
1112 964 1267 1006 illorum
1290 963 1446 1006 haeresi
1465 963 1700 1006 confutanda

150 1047 223 1092 pm
251 1033 403 1078 viribus
432 1034 727 1077 accuratissime
756 1034 1013 1076 disseremus.

263 1100 461 1159 Quocirca
482 1102 613 1160 magni
635 1116 659 1144 a
681 1102 795 1144 nobis
819 1103 882 1144 vir
903 1101 970 1144 ille
991 1102 1056 1154 iit,
1091 1109 1133 1143 ut
1151 1101 1346 1154 diximus,
1379 1108 1540 1158 propter
1562 1100 1698 1142 istius·
1760 1103 1841 1146 Cap·

150 1171 255 1214 modi
286 1173 429 1214 sanam
459 1185 557 1228 qnae
589 1171 638 1213 de
669 1171 736 1213 illo
765 1171 990 1227 dissipatur.
1052 1170 1127 1213 Est
1160 1170 1264 1212 enim
1297 1170 1378 1212 vita
1412 1169 1516 1211 illius
1551 1168 1697 1225 alioqui

150 1238 286 1298 gravis
319 1247 362 1282 ct
389 1240 578 1292 bonesta,
622 1253 754 1282 mores
781 1238 956 1296 egregii,
1000 1239 1083 1296 ipse
1116 1239 1284 1295 denique
1310 1238 1451 1296 populo
1474 1236 1701 1294 cumprimis

150 1307 352 1360 amabilis,
397 1308 447 1350 ob
470 1308 575 1350 vitae
602 1308 892 1364 integritatem,
937 1321 1051 1363 qnam
1082 1307 1226 1350 divinis
1253 1321 1390 1349 omnes
1416 1306 1594 1349 laudibus
1616 1305 1701 1348 ubi·

151 1390 228 1434 que
258 1376 501 1434 praedicant.
571 1374 654 1419 Sed
684 1376 860 1418 nonnulli
891 1384 1046 1428 tamen,
1089 1376 1189 1418 haud
1223 1377 1306 1418 scio
1346 1389 1397 1418 an
1427 1377 1518 1418 odio
1544 1377 1585 1419 in
1612 1390 1700 1419 eum

150 1445 359 1498 commoti,
403 1458 454 1487 an
474 1445 619 1487 invidia
644 1444 804 1502 perciti,
851 1458 901 1486 an
925 1445 1093 1501 denique
1119 1459 1193 1487 sua
1217 1452 1258 1486 ιιι
1278 1445 1318 1486 in
1340 1444 1466 1487 maius
1490 1445 1699 1497 extollant,

150 1513 289 1557 nescio
310 1526 411 1570 quae
432 1527 568 1570 pamm
590 1514 761 1555 secunda
785 1514 833 1555 de
856 1513 923 1555 illo
945 1514 1046 1555 fama
1068 1520 1315 1570 sparserunt,
1349 1514 1529 1556 nimirum
1550 1529 1628 1556 non
1652 1513 1702 1556 ob

153 1581 383 1625 utactio-m
410 1581 527 1624 fidem
549 1582 619 1625 has
639 1582 679 1624 in
705 1581 811 1624 illurn
834 1582 971 1624 turbas
993 1595 1084 1623 esse
1108 1582 1319 1633 conflatas,
1350 1582 1419 1624 sed
1445 1582 1495 1624 ob
1515 1582 1704 1625 ecclesia-

151 1651 251 1694 stica
273 1651 463 1708 quaedam
490 1650 647 1707 negotia
670 1664 718 1692 ac
739 1651 891 1706 iurgia,
935 1664 1035 1706 quae
1066 1651 1170 1692 inter
1195 1650 1297 1693 hunc
1322 1658 1361 1693 et
1386 1652 1553 1694 clericos
1581 1652 1704 1693 inter·

153 1727 376 1763 cesserunt.
438 1719 544 1762 Tum
573 1721 674 1776 quod
705 1719 916 1761 nonnullos
947 1720 994 1761 ad
1023 1720 1336 1762 communionem
1367 1722 1578 1763 admiserat
1606 1734 1705 1776 quos

152 1787 246 1832 oti-
278 1787 328 1831 ab
357 1802 404 1831 ca
424 1788 647 1840 reiecerat,
693 1795 733 1830 et
765 1788 1014 1830 anathemate
1052 1788 1324 1831 damnaverat.
1387 1788 1536 1832 Verum
1564 1803 1613 1831 ne
1645 1788 1706 1830 his

153 1857 311 1915 penitas
335 1858 598 1900 assentiamur
621 1857 830 1914 probibent
861 1871 908 1899 ea
931 1871 1031 1913 quac
1055 1857 1095 1899 iu
1117 1857 1241 1914 ipsius
1264 1864 1380 1900 coetu
1405 1872 1450 1901 ac
1476 1857 1644 1900 concilio
1665 1857 1704 1899 in

152 1926 239 1969 die·
257 1926 539 1978 emendantur,
573 1933 636 1978 et,
670 1933 711 1967 ut
731 1933 849 1968 autea
870 1925 1014 1968 dictum
1037 1933 1122 1978 est,
1168 1940 1256 1967 cum
1279 1934 1413 1969 rectae
1438 1926 1529 1968 fidei
1551 1927 1705 1983 proies·

151 1994 265 2038 sione
282 2002 552 2037 consentanea
575 1994 796 2037 traduntur.
853 1994 939 2037 Hac
964 1995 1067 2036 enim
1090 1995 1128 2036 in
1153 2002 1288 2050 parte,
1322 1995 1447 2052 quoad
1470 2010 1540 2052 pro
1562 1994 1703 2037 virium

153 2070 375 2106 annuarum
408 2063 672 2106 imbecillitate
703 2063 890 2120 consequi
927 2077 1157 2120 possumus,
1202 2063 1412 2106 veritatem
1448 2065 1487 2105 in
1524 2063 1705 2105 omnibus

151 2132 325 2175 munere
347 2131 551 2174 debemus.
613 2130 814 2188 Siquidem
846 2139 975 2174 utrum
999 2132 1039 2174 in
1064 2131 1150 2189 ipso
1175 2132 1368 2174 orationis
1389 2133 1535 2189 impetu
1560 2133 1707 2188 impru-

153 2201 260 2244 denti
291 2200 435 2257 aliquid
457 2199 676 2249 exciderit,
718 2200 863 2256 liquido
880 2201 1074 2243 affirmare
1096 2214 1173 2242 non
1194 2202 1384 2254 audeam;
1427 2215 1475 2243 an
1501 2201 1630 2258 potius
1654 2214 1706 2242 ex

153 2269 318 2327 quadam
338 2269 458 2311 animi
483 2268 733 2325 simplicitate
755 2268 966 2325 prodierit,
1011 2269 1123 2311 novit
1141 2269 1254 2312 dens.
1316 2267 1414 2311 lllud
1439 2269 1592 2325 quidem
1613 2283 1707 2310 con-

153 2345 255 2391 stat,
297 2337 338 2380 in
364 2337 487 2395 ipsius
515 2336 695 2379 oratioue
720 2337 796 2378 duo
821 2336 948 2380 triave
974 2337 1135 2394 reperiti
1163 2338 1251 2381 loca
1274 2351 1374 2394 qnae
1396 2337 1706 2394 reprehensione

153 2419 234 2450 m
256 2412 432 2450 careant.
494 2403 668 2448 Primum
703 2406 805 2461 quod
836 2419 884 2447 ea
913 2419 1013 2462 quae
1048 2406 1096 2448 dc
1130 2414 1312 2449 creatura
1341 2407 1524 2449 dicuutur
1548 2405 1596 2447 de
1622 2405 1706 2461 ipso

154 2474 217 2518 dei
240 2474 324 2518 filio
345 2488 391 2517 ac
412 2475 460 2517 dc
480 2474 565 2517 eius
590 2474 821 2525 divinitate,
862 2474 926 2516 vel
950 2474 1210 2531 appellatione
1234 2482 1349 2517 tenus
1376 2474 1582 2530 intelligit,
1625 2480 1705 2515 tum

154 2543 311 2601 quaudo
340 2543 394 2585 ita
424 2543 616 2600 loquitnr=
650 2546 776 2597 Super
803 2545 1046 2596 septentiam,
1081 2551 1121 2586 et
1151 2544 1185 2586 si
1215 2544 1304 2600 quid
1336 2543 1439 2585 aliud
1470 2550 1547 2584 est.

266 2609 348 2655 Sed
370 2611 448 2654 iam
482 2612 546 2654 ubi
579 2625 703 2668 pauca
735 2611 928 2653 adversus
958 2611 1113 2654 illorum
1146 2613 1329 2668 dogmata
1364 2609 1700 2667 proposuerimus,
1762 2620 1843 2663 Cap.

155 2679 312 2724 nissam
334 2680 434 2723 banc
456 2680 651 2723 baeresim
681 2679 883 2722 faciemus.
945 2677 1076 2722 Dicite
1099 2680 1244 2735 igitur,
1291 2680 1457 2722 obsecro
1479 2693 1573 2731 vos,
1614 2679 1705 2735 quid
1720 2666 1890 2701 xxxv·

157 2755 360 2807 tantopere
388 2749 594 2792 molestum
619 2748 732 2790 vobis
754 2755 815 2790 est
844 2762 889 2789 ac
908 2761 1030 2802 grave
1052 2748 1174 2790 filium
1210 2748 1308 2805 patri
1333 2747 1704 2790 consubstantialem

155 2819 363 2860 asserere?
421 2816 551 2861 Velim
575 2817 648 2860 hoc
672 2817 763 2859 mibi
788 2816 957 2872 ingenue
981 2822 1195 2873 aperteque
1220 2817 1435 2868 fateamini,
1468 2823 1510 2858 ut
1530 2829 1604 2859 vos
1627 2831 1706 2859 non

168 2973 171 2974 ν
199 2952 234 2988 6.
257 2955 408 2996 suptar
430 2953 468 2990 τὸ
491 2954 570 2998 πιρὶ
592 2954 666 2989 υἱοῦ
686 2958 753 2988 cett.
949 2955 1081 2986 muer-u
1101 2954 1266 2986 Patavium
1289 2956 1324 2986 ιιι
1343 2963 1409 2987 υοο.
1435 2949 1625 2998 custodem
1652 2955 1707 2987 dc-

201 2997 234 3034 7.
256 2997 291 3034 lv
342 2999 358 3009 ⁹
381 3001 430 3034 ‘e’
455 3002 567 3034 vatum
587 3004 630 3034 est
653 3001 727 3033 edit.
752 3002 861 3033 Pewv.
953 2999 1080 3032 levidam
1103 2999 1269 3042 futtern,
1291 3008 1363 3035 ctu·
1384 3002 1507 3035 umas
1528 3001 1706 3035 mucra.

247 3010 412 3079 cufim
452 3045 509 3078 vl.
539 3064 582 3072 --
632 3046 659 3081 1.
693 3047 802 3080 Nescio
832 3044 909 3088 quic

1729 1149 1880 1185 xxxv,
1942 1134 1948 1142 ‘
