2020 3276
0 2326 6 2550 ξ

0 2587 14 2913 ξ

348 226 530 263 saman
555 226 639 260 ms.
662 227 719 261 111.
750 226 859 261 Tou.
883 227 922 260 ιι.
956 227 1110 261 maros.
1135 227 1221 261 ιιι).
1246 227 1438 261 cxl-1³01..
1582 218 1665 261 483

220 468 384 520 nmis
420 484 470 518 ac
504 483 611 519 vera
645 467 897 518 catholicae
932 473 979 518 et
1003 468 1289 533 Apostolicae
1324 468 1552 519 Ecclesiae

674 547 809 599 Fidei
842 547 1094 614 Expositio.

171 687 174 691 .
231 648 493 706 Posteaquam
524 649 635 692 varia
667 664 714 692 ae
747 650 973 705 multiplicia
998 664 1021 693 e
1047 651 1177 707 pravis
1202 658 1345 692 exorta
1376 651 1574 702 consiliis,
1616 665 1663 694 ae
1709 650 1826 696 cap.1.

119 719 330 769 meraris
361 718 606 760 inimicorum
638 719 821 775 dogmata
853 718 1114 774 disputatione
1137 726 1272 762 nostra
1298 719 1493 775 complexi
1516 733 1667 770 sumus,

118 793 161 831 et
177 800 251 844 per
268 787 415 830 toi-mas
435 800 661 843 generaque
677 786 957 830 distribuentes
977 801 1091 863 quam
1109 801 1221 829 cassa
1245 794 1286 829 et
1305 787 1438 829 inania
1459 789 1589 829 forent
1607 788 1669 830 dei

119 855 266 906 virtute
287 855 561 932 patefecimus,
594 862 673 897 tum
697 869 794 897 vero
815 869 868 897 ex
890 855 1092 897 immensis
1113 855 1189 897 illis
1209 855 1514 911 uniuscuiusque
1534 863 1669 898 sectae

117 922 480 969 emtumetiamm
469 938 509 965 ιιι
534 924 647 965 deum
669 937 715 965 ac
739 938 879 966 vocum
906 923 1219 980 turpissimarum
1247 923 1670 980 acerbissimorumque

117 991 398 1050 anteriorum
420 991 601 1034 fluctibus
622 992 883 1044 enatavimus,
916 1006 1080 1048 cumque
1103 992 1283 1034 omnibus
1304 993 1577 1047 quaestionum
1599 1007 1671 1034 uo-

119 1060 182 1107 din
202 1074 326 1118 aegre
346 1060 574 1113 dissolutis,
606 1067 646 1102 et
666 1060 820 1103 illorum
841 1060 1088 1117 improbitate
1112 1067 1319 1117 superata,
1353 1061 1399 1102 ad
1425 1060 1670 1137 tranquillam

118 1129 301 1173 ueritatis
329 1128 541 1172 stationem
576 1127 863 1185 appulerimus,
905 1129 1046 1171 difficili
1076 1143 1123 1170 ac
1155 1136 1422 1185 tempestuoso
1452 1129 1558 1171 omni
1582 1129 1672 1171 loco

121 1196 357 1250 transmisso
374 1204 414 1239 et
436 1196 619 1254 procellis
642 1211 688 1239 ae
712 1196 908 1254 spumosis
930 1198 1119 1240 undarum
1142 1196 1356 1240 vorticibus
1375 1198 1574 1251 defuncti,
1605 1197 1673 1240 ubi

121 1265 372 1311 iactationem
393 1279 441 1307 ae
464 1264 699 1321 vertiginem
723 1265 878 1322 experti
899 1266 1080 1322 saepius,
1127 1272 1206 1307 tum
1228 1266 1365 1308 brevia
1388 1266 1612 1343 vadosaque
1634 1274 1675 1308 et

118 1334 267 1389 infesta
297 1334 423 1377 beluis
453 1333 540 1375 loca
573 1333 853 1389 quamplurima
886 1334 1190 1390 prospeximus,
1234 1348 1334 1390 quae
1367 1333 1522 1390 quidem
1553 1334 1603 1376 iis
1633 1335 1673 1377 in

120 1401 449 1461 disputationibus
490 1402 867 1457 commentariisque.
898 1402 1104 1458 periclitati
1145 1417 1303 1454 sumus,
1346 1418 1432 1445 cum
1474 1409 1674 1459 postremo

120 1471 231 1529 pleis
254 1477 407 1529 portum
427 1469 581 1512 eminus
604 1470 851 1522 intueamur,
894 1471 942 1512 ad
973 1485 1062 1512 eum
1085 1485 1225 1513 navem
1250 1471 1449 1528 applicare
1470 1471 1675 1528 cupientes

120 1539 244 1584 divini
273 1539 443 1583 numinis
474 1552 586 1595 opem
621 1552 760 1580 rursus
794 1538 1104 1595 implorabimus.
1166 1540 1229 1581 Ac
1257 1546 1363 1581 metu
1389 1539 1544 1595 quidem
1568 1540 1674 1582 omni

120 1615 167 1651 et
188 1607 450 1665 trepidatione
473 1621 698 1663 nauseaque
722 1614 931 1659 cessante,
977 1607 1123 1664 optimo
1144 1608 1183 1649 in
1212 1615 1316 1650 statu
1354 1609 1493 1664 positi,
1538 1609 1676 1650 iucun-

123 1675 364 1733 dissimoque
397 1675 580 1718 certioris
611 1689 732 1718 aurae
763 1689 809 1716 ac
846 1675 1070 1717 securitatis
1100 1675 1229 1718 afflatu
1252 1677 1524 1732 perfruentes,
1568 1684 1677 1719 tran-

118 1743 286 1802 quitiam
310 1745 388 1788 iam
411 1745 451 1787 iu
474 1751 626 1800 portum
652 1743 830 1786 subducti
855 1743 994 1800 spiritu
1019 1744 1228 1800 animoque
1249 1745 1456 1800 gestimus.
1518 1743 1676 1787 Etenim

123 1812 235 1865 ἐξείη
264 1812 468 1864 omnibus,
510 1812 545 1854 si
579 1826 716 1855 verum
750 1811 862 1854 fateri
894 1812 1097 1863 volumus,
1144 1813 1318 1870 pluribus
1348 1813 1604 1855 incommodis
1637 1821 1678 1856 et

125 1880 311 1933 maximis
335 1879 489 1924 iniuriis
509 1881 720 1923 conflictati
743 1894 788 1922 ac
812 1880 992 1922 terrestri
1012 1881 1284 1937 maritimoque
1310 1882 1452 1925 itinere
1476 1883 1675 1934 consecto,

128 1962 292 2006 quorum
323 1949 365 1992 in
386 1949 452 1992 illo
482 1949 688 2006 impeditas
711 1963 758 1992 ac
787 1948 961 1991 difficiles
982 1949 1159 1992 salebras
1185 1957 1224 1991 et
1243 1950 1465 1993 solitudinis
1489 1951 1679 2008 asperita-

129 2025 213 2070 tes,
256 2017 298 2060 in
328 2016 403 2060 boc
431 2018 542 2060 varia
567 2017 739 2074 pericula
765 2018 908 2060 fuimus
938 2018 1115 2070 emensi,
1157 2032 1243 2061 cum
1268 2019 1343 2060 iam
1367 2019 1564 2061 civitatem
1588 2033 1679 2075 pro-

128 2085 363 2144 spiciemus,
405 2086 453 2128 ad
476 2085 599 2143 ipsam
630 2099 886 2142 properemus
910 2093 1087 2128 sanctam
1111 2085 1384 2140 Hierusalem,
1426 2085 1575 2131 Christi
1598 2088 1679 2130 vir-

129 2155 261 2212 ginem
284 2168 332 2197 sc
352 2166 562 2211 sponsam,
605 2153 717 2196 basin
741 2160 778 2195 et
810 2162 961 2210 petram
993 2155 1292 2207 solidissimam,
1337 2157 1678 2212 venerandamque

130 2230 295 2267 matrem
328 2229 503 2265 nostram
537 2229 576 2264 et
605 2221 768 2263 eandem
810 2219 959 2265 Christi
993 2237 1194 2279 sponsam.
1257 2222 1301 2266 lu
1342 2239 1418 2280 quo
1461 2231 1680 2281 opportune

125 2292 234 2339 istud
255 2303 447 2348 usurpare
469 2303 700 2347 possumus,
734 2292 881 2340 Venere,
913 2294 1157 2333 ascendamus
1180 2295 1232 2333 ad
1254 2301 1411 2334 monlem
1436 2295 1599 2341 domini,
1643 2300 1683 2333 et
1700 2306 1862 2342 satan.

130 2362 184 2404 ad
208 2362 356 2402 donum
385 2361 449 2400 den·
473 2359 609 2407 Iacob,
642 2365 681 2399 et
708 2359 950 2399 annunuubit
975 2360 1082 2400 nobis
1111 2363 1206 2401 m‘am
1236 2376 1342 2402 suam
1373 2368 1451 2403 etc.

245 2429 365 2486 Agite
388 2428 518 2484 itaque
541 2424 690 2469 Christi
714 2425 779 2468 lilii
800 2440 845 2468 ae
869 2434 1030 2470 sanetae
1051 2428 1112 2470 dei
1137 2429 1329 2471 ecclesiae
1352 2429 1488 2480 liberi,
1521 2428 1585 2484 qui
1608 2428 1682 2471 boc
1707 2428 1786 2474 cap.
1807 2429 1847 2461 1¹·

133 2504 311 2543 nostrum
343 2497 390 2539 de
422 2492 591 2538 LXXX
623 2494 853 2537 haeresibus
883 2509 981 2552 opus
1012 2495 1182 2552 benigne
1219 2497 1494 2554 percurristis,
1538 2495 1681 2552 quique

134 2579 287 2611 meum
320 2564 551 2608 altissimum
583 2563 688 2605 illum
723 2577 933 2620 pravorum
957 2563 1204 2620 dogmatum,
1247 2580 1346 2621 quac
1371 2565 1570 2620 hucusque
1592 2578 1681 2621 per-

135 2634 384 2686 counimus,
423 2632 618 2689 gurgitem
645 2632 854 2683 trauasfis,
898 2645 946 2672 ac
970 2638 1120 2675 vastam
1145 2640 1185 2675 et
1204 2633 1484 2676 formidabilem
1508 2632 1683 2676 siticulo-

137 2715 298 2759 umque
329 2701 578 2746 solitudinem
611 2699 874 2757 peragrastis,
916 2712 1045 2742 rerum
1080 2701 1251 2743 omnium
1277 2701 1472 2744 dominum
1501 2701 1683 2759 implore·

185 2881 217 2920 4.
242 2880 488 2930 ὗιηλωφῶντις
509 2885 577 2918 cod.
600 2884 731 2925 amata.
938 2883 1044 2916 petav.
1069 2884 1174 2917 coton-
1196 2887 1288 2925 repet.

184 2930 218 2965 ⁶.
240 2931 365 2972 mu
380 2932 531 2965 Pacuvius
558 2932 703 2964 voculam
722 2927 785 2967 τὰς
804 2930 892 2963 unct-
981 2927 1013 2962 7.
1052 2929 1149 2970 Vutpo
1179 2930 1250 2962 libri
1278 2924 1395 2974 ἅβρας.
1453 2930 1555 2970 Quen
1584 2931 1688 2971 recept

140 2977 190 3010 utu
210 2976 385 3018 includens,
405 2979 554 3019 tanquan
579 2976 746 3009 delendam
767 2975 891 3008 iudicu-
936 2975 1124 3015 scripturam
1153 2969 1280 3016 αὔρας,
1326 2983 1362 3007 en
1392 2975 1521 3008 Petuvio
1550 2976 1676 3008 debetur

141 3025 198 3056 ινα.
940 3021 1058 3052 Verte·
1043 3030 1137 3053 ιιι
1110 3019 1227 3053 ἰιιιιιιίι
1269 3026 1402 3053 xterra
1420 3019 1567 3054 firma-u
1548 3020 1614 3054 uris
1634 3000 1685 3053 221·

187 3063 221 3101 6.
237 3064 300 3110 πρὸ
319 3076 379 3108 pro
397 3063 462 3103 ἀπὸ
481 3068 626 3101 mendose
643 3068 780 3108 lenitur
770 3077 802 3099 m
820 3066 890 3099 edu.
937 3063 1018 3098 ssati.

1315 3124 1414 3167 31*
