2020 3276
431 228 617 263 nmen
639 228 723 261 Lm.
747 227 807 260 ιιι.
828 227 939 261 Tou.
960 227 985 260 1.
1007 226 1142 260 mnu.
1161 226 1324 259 Lxxvi.
1564 214 1646 256 317

106 319 326 372 mia,
368 323 439 375 qm·
453 327 667 361 creona-am
691 320 842 367 cohme,
886 332 950 358 eos
970 319 1100 371 saeuos
1131 320 1298 358 redditos
1324 331 1405 357 esse
1427 317 1640 363 doceamur,
1658 323 1743 353 non
1765 329 1791 362 ι,
1808 326 1851 354 ιι.

105 373 238 433 fine
257 387 300 431 in
323 387 427 431 istud
450 388 576 445 ipsum
608 387 811 429 incurrere
834 385 990 427 videtur
1011 385 1153 427 Aetius
1176 399 1221 427 ac
1242 392 1449 426 creaturae
1470 383 1650 425 divinita-

105 455 406 509 munnere,
439 468 603 511 eamque
626 453 854 497 adoratione
874 467 920 495 ac
939 455 1198 495 veneratione
1221 453 1430 509 prosequi?
1459 467 1544 494 cum
1568 452 1649 493 sin-

105 537 200 568 cere
238 524 335 567 nde·
377 524 616 567 adorandum
653 537 676 564 a
705 529 864 574 creato,
911 528 1084 564 creatum
1126 521 1175 562 ab
1210 523 1409 563 adorando
1450 522 1645 576 seiungat.

103 591 212 636 Na-
234 592 270 636 ei
295 592 391 635 nibil
413 593 518 635 inter
553 592 650 634 baec
685 591 838 632 intersit
866 590 1025 632 omnino
1054 587 1281 632 Christiana
1305 590 1444 645 religio
1468 589 1561 631 nihil
1583 603 1650 632 su-

105 673 179 721 pra
201 666 409 704 creaturae
430 667 687 703 veneratores
719 659 908 701 eximium
933 664 1001 700 aut
1025 658 1228 700 excellens
1260 657 1436 699 habitura
1465 666 1549 710 est,
1594 665 1652 699 at-

106 737 183 787 que
204 728 396 772 cimmodi
420 728 516 772 lides
542 727 762 770 idololatria
796 726 926 784 potius
952 740 1066 782 quam
1097 725 1158 768 dei
1196 726 1321 767 cultus
1349 739 1439 768 esse
1473 726 1651 768 censebi-

109 802 189 840 tur.
247 795 353 840 Nam
376 803 418 839 et
436 797 492 840 illi
518 796 668 849 solem,
710 796 866 847 lunam,
908 795 1098 846 virtutes,
1144 794 1296 836 coelum
1330 801 1370 835 et
1391 801 1562 847 terram,
1604 809 1651 836 ae

106 871 264 909 aarum
281 871 485 908 creaturas
510 866 690 907 adorant.
751 863 893 920 Neque
917 877 1015 906 vero
1046 869 1264 904 creatarum
1288 876 1418 904 rerum
1445 863 1653 905 admirabi-

106 933 158 979 Γ·
178 933 415 978 exacuenti-
437 932 706 976 diversitatem
729 933 845 974 affert
866 932 1006 984 ullam,
1049 944 1177 987 neque
1207 931 1309 986 quod
1340 931 1511 973 eximiae
1535 945 1652 987 quae-

108 1001 322 1055 ffiffit,
366 1002 484 1044 ullam
512 1002 553 1044 iu
580 1001 741 1043 honoris
774 1001 1010 1057 aequalitate
1044 999 1275 1042 varietatem
1307 999 1517 1051 inducent,
1564 1015 1650 1041 cum

109 1069 249 1114 ende-
269 1070 429 1113 nomine
452 1069 746 1119 contineantur,
779 1069 933 1112 tametsi
955 1083 1070 1111 unam
1094 1067 1208 1110 alteri
1233 1068 1364 1110 multis
1387 1068 1562 1125 partibus
1582 1082 1652 1109 an-

109 1138 280 1182 tecellat.
339 1137 452 1181 Unus
475 1137 579 1180 enim
603 1145 665 1180 est
687 1137 751 1193 qui
777 1145 942 1194 utraque
965 1137 1121 1179 molitus
1143 1143 1226 1188 cst,
1274 1143 1314 1178 et
1339 1136 1547 1193 unicuique
1573 1151 1651 1179 nou

110 1206 305 1260 nominis,
353 1208 424 1249 sed
463 1206 705 1249 substantiae
746 1206 958 1248 discrimen
1000 1204 1191 1247 attribuit.
1263 1203 1464 1260 Siquidem
1508 1207 1653 1247 creatis

109 1275 292 1318 omnibus
312 1275 431 1318 rebus
451 1289 529 1316 non
553 1274 746 1327 liberum,
787 1275 857 1316 sed
877 1274 1023 1317 servile
1048 1280 1253 1316 creaturae
1278 1288 1419 1316 nomen
1451 1275 1650 1316 convenit.

111 1344 175 1386 Ac
203 1344 239 1386 ei
262 1343 303 1386 in
333 1357 411 1386 uno
442 1357 590 1399 genere
624 1343 725 1398 quod
758 1343 914 1384 servilis
945 1341 1180 1384 conditionis
1212 1349 1274 1384 est
1305 1342 1514 1393 adoretur,
1561 1343 1653 1384 nibil

109 1410 283 1454 obstabit
299 1426 376 1468 quo
398 1411 526 1453 minus
544 1418 583 1452 et
597 1410 710 1453 alteri
734 1411 887 1467 generi,
921 1411 1076 1453 tametsi
1098 1410 1263 1452 inferius
1283 1411 1355 1462 sit,
1389 1409 1565 1452 adoratio
1585 1411 1653 1451 tri-

109 1479 267 1523 buatur.
327 1479 507 1536 Aequale
541 1480 681 1536 quippe
705 1488 766 1522 est
794 1480 896 1535 quod
921 1494 1008 1521 cum
1043 1478 1258 1535 superioris
1293 1479 1442 1520 ordinis
1473 1486 1653 1521 creatura

109 1547 384 1605 cognationem
418 1547 556 1599 babet,
602 1555 735 1604 utpote
764 1548 811 1590 de
843 1547 964 1590 nihilo
998 1548 1047 1590 ab
1079 1562 1129 1590 eo
1159 1548 1222 1604 qui
1250 1555 1311 1590 est
1334 1555 1512 1590 naturam
1537 1547 1655 1589 sorti-

106 1622 206 1660 ιιι.
264 1614 369 1659 llinc
393 1623 435 1659 et
456 1615 672 1672 ingenitum
694 1617 768 1658 deo
789 1623 830 1658 ct
853 1617 949 1658 deus
966 1616 1141 1672 ingenito
1164 1616 1362 1671 congruit.
1424 1614 1559 1671 Quare
1585 1630 1653 1671 ge·

107 1683 229 1728 nita-
258 1684 435 1728 sobolem
466 1698 546 1727 nou
578 1697 677 1741 opus
713 1685 868 1741 aliquod
897 1685 1086 1738 dicimus,
1132 1692 1200 1727 aut
1230 1684 1410 1726 effectum
1442 1684 1650 1740 quicpiam‚

107 1753 179 1797 ned
196 1751 396 1805 sobolem,
426 1752 660 1795 naturaliter
683 1767 707 1795 a
727 1760 840 1810 patre
862 1754 948 1795 sine
968 1753 1055 1796 labe
1077 1753 1337 1811 progenitam,
1370 1753 1544 1795 eiusdem
1567 1767 1655 1794 cum

108 1827 220 1879 patre
237 1820 506 1873 auantiae,
546 1834 592 1863 ac
614 1820 731 1864 simul
761 1822 1022 1875 adorandam,
1065 1822 1242 1878 spiritum
1276 1835 1375 1863 vcro
1397 1829 1573 1863 sanctum
1607 1821 1655 1863 ab

109 1889 179 1933 ino
198 1890 501 1947 procedentem,
532 1902 606 1931 nec
631 1888 826 1942 alienum,
858 1890 908 1932 ob
933 1890 1048 1947 idque
1075 1891 1191 1932 simul
1215 1890 1472 1932 adorandum.
1533 1887 1655 1932 Cete-

111 1971 199 2000 rum
234 1957 297 2000 dei
334 1971 476 2000 nomen
502 1965 721 2000 creatarum
745 1972 876 2001 rerum
911 1958 1004 2001 nulli
1029 1958 1280 2011 conceditur,
1328 1973 1376 2000 eo
1401 1958 1501 2014 quod
1529 1958 1578 2000 ab
1598 1959 1658 1999 in-

110 2026 234 2083 geniti
257 2025 495 2083 proprietate
515 2026 733 2081 discrepet,
775 2027 955 2083 quoniam
979 2041 1001 2069 ε
1021 2027 1143 2069 nihilo
1163 2034 1205 2069 ut
1225 2034 1332 2070 esset
1355 2027 1538 2069 obtinuit.
1598 2027 1657 2069 At

111 2092 269 2136 trinitas
298 2093 538 2150 sempiterna
566 2101 650 2143 est,
684 2108 758 2137 nec
787 2095 891 2137 aliud
929 2096 1111 2151 quiddam
1146 2096 1242 2139 deus
1275 2103 1359 2148 est,
1403 2095 1506 2138 aliud
1547 2095 1657 2151 inge-

112 2162 253 2206 eitum.

227 2227 281 2273 ll.
343 2228 410 2272 Tu
434 2243 532 2271 vero
554 2229 698 2282 lilium,
743 2230 860 2283 Aen,
902 2232 1102 2274 irridendo
1135 2233 1310 2285 scilicet,
1354 2247 1432 2275 non
1461 2232 1562 2274 bona
1584 2232 1657 2274 fide

113 2311 138 2342 ι
161 2304 274 2356 patre
307 2298 482 2355 genitum
521 2298 704 2340 affirmas.
776 2297 973 2356 Quicquid
1007 2301 1111 2342 enim
1144 2301 1318 2357 genitum
1356 2307 1438 2349 est,
1482 2307 1657 2342 creatum

113 2379 194 2410 non
222 2374 307 2418 eat,
349 2373 390 2409 et
421 2365 601 2422 quicquid
634 2373 807 2408 emtum
842 2375 928 2420 est,
972 2382 1050 2410 non
1079 2375 1142 2411 est
1163 2368 1353 2424 genitum.
1416 2366 1531 2423 Quod
1557 2368 1590 2409 si
1619 2368 1656 2410 id

114 2435 217 2492 quod
240 2435 415 2492 genitum
436 2440 611 2476 ereetum
636 2434 754 2476 etiam
776 2441 863 2487 eet,
895 2443 1070 2478 creatum
1094 2437 1173 2479 alio
1197 2437 1312 2478 modo
1335 2436 1491 2478 dicitur.
1553 2434 1656 2477 Num

114 2502 287 2561 exempli
318 2503 445 2559 gratia
474 2502 652 2544 homines
684 2502 850 2559 gignunt
873 2503 1077 2557 homines,
1120 2519 1198 2546 non
1230 2511 1390 2555 creant,
1433 2504 1502 2545 sed
1524 2504 1615 2546 olim
1635 2518 1658 2545 a

115 2570 191 2615 deo
212 2572 336 2614 creati
359 2578 467 2614 eunt.
528 2568 663 2625 Quare
685 2585 785 2627 quae
810 2571 1046 2627 gignuntur,
1088 2572 1137 2614 ab
1157 2572 1235 2615 illis
1258 2573 1494 2628 gignuntur,
1536 2585 1558 2612 a
1585 2572 1658 2614 deo

115 2650 215 2683 vero
239 2640 424 2683 universa
447 2646 579 2682 creata
602 2646 708 2680 sunt.
770 2637 850 2682 Sed
871 2653 959 2681 cum
985 2640 1081 2683 dens
1108 2640 1308 2682 increatus
1332 2640 1405 2691 sit,
1448 2653 1494 2681 ac
1515 2639 1588 2682 eibi
1616 2640 1660 2682 fl-

115 2705 208 2752 lium
228 2715 417 2763 generet,
463 2722 540 2750 uon
574 2714 779 2763 procreet,
825 2722 902 2749 non
926 2721 1014 2750 eum
1045 2708 1172 2764 gignit
1195 2708 1243 2750 ab
1269 2708 1486 2751 substantia
1510 2722 1579 2751 sua
1602 2708 1659 2751 di-

116 2789 292 2819 versum.
354 2774 551 2831 Quocirca
586 2776 721 2817 fierine
746 2782 875 2832 potest
899 2782 940 2817 ut
965 2776 1066 2831 quod
1095 2775 1144 2817 ab
1175 2776 1259 2833 ipso
1287 2776 1460 2831 gignitur
1486 2784 1659 2819 creatum

117 2843 193 2898 eit,
233 2858 320 2887 cum
349 2844 549 2887 increatus
569 2843 621 2886 sit
642 2843 778 2901 pater?
835 2841 940 2885 Nam
966 2843 1000 2886 si
1025 2851 1182 2886 creatus
1212 2851 1274 2886 est
1307 2844 1370 2900 qui
1403 2845 1502 2901 apud
1533 2844 1658 2903 ipsum

119 2918 182 2955 eat
211 2912 394 2969 genitus,
443 2927 521 2955 non
554 2919 616 2955 est
645 2911 748 2968 quod
781 2911 946 2968 amplius
978 2911 1135 2967 genitus
1173 2911 1339 2954 dicatur.
1410 2910 1537 2956 Multa
1569 2922 1660 2957 sunt

119 2994 219 3036 quae
242 2981 430 3023 adversus
453 2988 531 3023 tam
557 2981 763 3023 absurdam
790 2980 1013 3036 opinionem
1039 2980 1226 3037 disputari
1257 2988 1434 3038 possunt.
1496 2979 1575 3025 Sed
1601 2982 1661 3024 iu-
