2020 3276
441 223 625 258 PANARH
648 223 738 257 mm
752 223 813 257 m.
837 223 948 258 Tou.
966 224 992 259 1.
1015 223 1150 258 nun.
1165 223 1327 257 Lxxvt.
1575 214 1658 257 293

109 305 248 350 ἡ
263 315 368 360 quc
386 303 523 347 insunt
545 303 751 346 affirmatio
772 303 844 345 suit
866 303 1073 356 adiuncta3
1106 304 1215 360 quasi
1240 303 1341 359 quod
1365 309 1503 359 postca
1523 303 1659 346 eondi-

108 377 275 418 U⁴oet
296 371 561 429 praestantius
585 372 660 414 deo
689 371 895 428 quiequam
925 371 1132 423 conciliet,
1175 379 1215 413 et
1235 386 1372 429 purum
1394 371 1586 428 qniepiam
1612 385 1660 414 ac

106 440 305 486 m
326 453 381 489 ct
397 438 533 483 earum
570 454 702 482 rerum
733 439 962 495 quibuscum
985 441 1189 482 confertur
1210 440 1431 496 privatione
1456 447 1495 482 et
1519 441 1659 483 immu-

106 507 345 553 &list-m
366 508 632 565 excogitatum
657 508 791 550 suerit.
853 505 934 551 Sed
954 507 1135 550 nimirum
1158 508 1195 549 id
1219 522 1271 550 ex
1295 522 1344 550 eo
1365 508 1539 551 manavit
1556 509 1658 565 quod

104 577 295 622 &m
313 578 399 634 ipsc
424 583 530 619 totus
554 576 680 632 gloria
702 584 788 628 est,
820 590 867 618 ac
887 583 994 619 totus
1019 576 1211 618 eiusmodi
1235 583 1277 618 ut
1302 576 1350 618 ab
1375 577 1520 619 creatis
1541 577 1661 620 rebus

103 643 293 689 ὢν
320 644 596 701 comprehendi
624 651 817 701 nequeat,
861 658 962 700 quae
991 658 1062 701 pro
1091 644 1246 686 modulo
1269 658 1341 686 suo
1364 646 1412 687 ad
1438 645 1525 688 eins
1545 659 1660 702 prae-

107 712 344 757 Maon
379 713 602 756 intendunt.
663 711 743 768 Qui
775 713 928 769 quidem
960 720 1002 755 ut
1034 712 1084 755 ab
1117 713 1267 769 angelis
1299 714 1452 769 propria
1485 714 1658 770 ipsorum

106 850 288 899 Ιιιῶυ
306 849 487 902 effertur,
518 850 573 892 ita
593 857 635 892 et
656 851 823 892 bumana
841 850 976 906 lingua
1000 850 1159 903 colitur,
1192 863 1292 906 quae
1313 849 1514 892 inferioris
1534 851 1660 907 digni·

108 918 201 965 uti·
228 925 317 971 nt,
358 932 407 960 ac
433 918 600 975 deniqne
636 918 752 960 etiam
780 918 830 960 ab
853 918 995 960 infimis
1019 918 1240 975 quibusque
1269 918 1388 961 rebus
1411 933 1483 975 pro
1508 919 1660 962 viribus

106 986 298 1044 &fitquc
317 987 581 1045 praedicatur.
643 985 788 1043 Neque
812 999 911 1029 vero
936 987 976 1028 in
997 986 1164 1043 singulis
1187 986 1381 1029 creaturis
1406 988 1659 1044 proportione

107 1055 278 1113 queb-
292 1055 398 1099 illius
417 1056 543 1112 gloria
564 1055 880 1112 praedieatioque
897 1055 1100 1108 minuitur,
1133 1062 1202 1099 aut
1221 1057 1475 1098 mutationem
1496 1058 1657 1113 patitur,

108 1123 453 1169 scd-inmutabilis
479 1131 543 1166 est
563 1124 741 1176 insese,
784 1122 900 1180 idque
922 1124 1068 1166 creatis
1098 1131 1161 1166 est
1188 1124 1307 1167 rebus
1329 1124 1510 1166 omnibns
1540 1125 1660 1166 dene-

107 1198 268 1248 ςαιι,
312 1198 356 1234 ut
384 1193 432 1234 ad
463 1192 569 1235 illius
601 1192 830 1234 infinitatem
868 1193 1130 1249 praedicando
1163 1193 1315 1250 possint
1339 1192 1525 1246 extendi,
1570 1208 1658 1236 cum

107 1273 291 1318 suprema
320 1261 388 1304 illa
421 1260 639 1303 substantia
674 1267 844 1303 mentem
878 1275 1032 1303 omnem
1070 1260 1447 1318 intelligentiamque
1480 1269 1656 1319 superet.

108 1327 224 1386 Quae
241 1329 292 1372 ob
313 1342 377 1382 ca,
409 1343 510 1386 quae
530 1329 580 1371 ob
600 1329 780 1371 omnibus
800 1329 837 1371 ei
858 1329 1096 1382 tribuuntur,
1129 1337 1168 1372 et
1185 1330 1319 1372 inesse
1342 1331 1541 1382 dicuntur,
1573 1331 1660 1372 nul-

106 1397 184 1440 lam
209 1404 415 1455 propterea
447 1398 772 1450 conversionem,
818 1397 1073 1440 mutationem
1099 1405 1167 1440 aut
1189 1399 1474 1441 incrementum
1500 1398 1660 1456 experi-

109 1472 188 1510 tur.
233 1463 325 1511 -Bst
342 1466 445 1508 euim
467 1466 653 1508 divinitas
678 1466 760 1522 ipsa
786 1466 903 1523 louge
927 1466 1108 1508 omnibus
1131 1467 1417 1524 praestantior,
1447 1474 1486 1510 et
1509 1467 1659 1509 incom-

108 1533 295 1592 parabilis
322 1534 552 1591 gloriaeque
582 1534 826 1591 plenissima.

148 1632 150 1637 ,
220 1603 329 1646 Accii
355 1600 485 1659 Caput
505 1601 649 1646 XXV.
712 1600 757 1646 Si
786 1602 1004 1658 ingenitum
1030 1603 1310 1660 privationem,
1355 1617 1454 1659 quae
1477 1603 1552 1646 deo
1580 1618 1659 1646 non

106 1669 236 1725 inca,
275 1672 497 1728 signifieat,
540 1685 611 1714 eur
633 1671 849 1727 ingenitum
876 1685 990 1724 esse,
1033 1672 1208 1728 genitum
1242 1686 1340 1714 vero
1373 1686 1451 1714 non
1486 1685 1577 1715 esse
1602 1673 1659 1715 di·

107 1739 263 1784 cimus?

220 1805 385 1852 Confut.
409 1805 552 1850 XXV.
612 1806 862 1865 Ingenitum,
895 1809 970 1851 etsi
995 1809 1070 1851 deo
1093 1823 1137 1851 re
1161 1822 1255 1851 vera
1282 1809 1521 1862 conveniat,
1565 1823 1658 1852 nus·

108 1890 224 1935 qua-
243 1883 374 1920 une·
398 1890 632 1934 expressum
656 1884 740 1929 est,
773 1891 846 1919 nec
869 1891 893 1919 a
917 1877 1107 1934 propheta
1136 1877 1237 1929 ullo,
1268 1878 1333 1920 vel
1356 1878 1561 1935 apostolo,
1593 1879 1658 1921 vel

106 1945 353 2001 mogelini·
380 1952 743 1987 commemoratum.
804 1944 948 2002 Neque
982 1960 1079 1988 vero
1110 1946 1251 1988 mirum
1277 1959 1366 1988 esse
1396 1946 1583 1998 deberet,
1623 1947 1658 1989 si

107 2013 158 2056 de
178 2013 255 2056 deo
281 2013 510 2056 usmetum
542 2012 636 2055 illud
670 2021 794 2055 esset.
856 2013 1058 2071 Siquidem
1092 2015 1178 2071 pius
1206 2015 1253 2056 de
1285 2016 1360 2056 deo
1390 2029 1533 2057 sensus
1567 2016 1658 2058 olim

107 2082 211 2125 istud
233 2082 358 2139 ipsum
385 2095 408 2124 e
433 2082 601 2124 naturali
622 2082 785 2138 quadam
811 2082 898 2138 lege
923 2083 1122 2126 hauserat.
1186 2082 1251 2125 Tu
1273 2096 1387 2135 vero,
1406 2083 1516 2135 Aeni,
1538 2098 1658 2127 voca-

108 2150 241 2195 botn-
266 2150 370 2195 istud
397 2149 526 2191 studio
549 2150 737 2192 novitatis
762 2150 984 2203 inculcans,
1028 2152 1136 2194 velut
1167 2151 1374 2194 mirificum
1403 2153 1582 2208 quiddam
1618 2160 1659 2195 et

106 2218 333 2263 inusitatum
356 2218 609 2275 proposuisse
631 2224 670 2259 tc
690 2225 818 2275 putas.
872 2217 980 2275 Quin
999 2220 1118 2262 ctiam
1137 2220 1473 2276 religiosissimam
1494 2228 1659 2263 naturae

107 2287 263 2345 legem,
309 2300 382 2329 uec
410 2301 487 2328 non
515 2292 555 2327 et
577 2285 691 2338 fidei,
735 2300 850 2342 quam
872 2289 921 2329 ad
944 2289 1128 2331 meliores
1160 2289 1337 2331 homines
1359 2290 1578 2331 reddendos
1602 2290 1659 2331 di·

106 2356 200 2400 vio·
221 2355 378 2399 bonitas
398 2354 574 2405 indulsit,
607 2355 846 2410 permiscere
868 2369 915 2397 ac
938 2358 1180 2399 contundere
1206 2365 1370 2400 conatus
1394 2371 1454 2409 es,
1487 2358 1576 2399 dum
1601 2358 1659 2399 in-

107 2425 244 2483 genito
279 2424 454 2480 genitum
486 2423 692 2465 maiestate
728 2423 995 2480 dignitateque
1028 2439 1097 2482 par
1126 2433 1371 2468 commentus
1409 2439 1477 2477 es,
1523 2432 1566 2467 ut
1593 2425 1659 2468 ille

106 2494 216 2551 ipse,
248 2507 363 2550 quem
387 2491 614 2534 dissimilem
641 2490 805 2540 adoras,
850 2493 1068 2549 inaequalis
1094 2494 1129 2536 ei
1163 2493 1368 2546 videatur,
1402 2507 1516 2550 quem
1542 2492 1661 2535 dissi-

108 2562 251 2605 militer
282 2561 501 2619 praedicas.
563 2557 643 2601 lam
674 2573 798 2611 vero,
842 2559 875 2602 si
904 2562 1164 2617 appellatione
1193 2562 1277 2605 sola
1314 2569 1461 2619 patrem
1496 2562 1657 2616 adoras,

108 2643 188 2674 nou
223 2630 300 2673 nisi
332 2643 402 2685 per
432 2629 718 2671 simulationem
747 2634 786 2669 et
815 2627 1036 2671 illusionem
1073 2630 1260 2673 bonorem
1292 2630 1395 2672 liunc
1423 2629 1477 2671 illi
1509 2630 1656 2674 defers.

109 2696 208 2742 ltcm
228 2698 263 2742 si
285 2697 430 2750 fllium,
463 2711 577 2754 quem
599 2697 697 2754 patri
722 2695 949 2739 dissimilem
973 2698 1181 2755 agnoscis,
1213 2699 1452 2741 adorandum
1475 2712 1656 2753 censeas,

106 2835 344 2880 ημσκομίνη
373 2836 489 2869 codicis
517 2838 599 2875 vet,
631 2836 734 2869 nescio
763 2836 863 2875 cutus,
953 2832 985 2868 4.
1009 2830 1066 2870 ἀπ’
1102 2831 1205 2871 αὐτοῦ
1240 2836 1332 2869 eodd.
1355 2845 1429 2869 mss.
1465 2833 1521 2871 ὑπ’
1553 2834 1657 2874 αὐτοῦ

106 2881 260 2962 mus
272 2882 433 2921 Pariani,
478 2882 669 2922 scripturam
700 2881 864 2912 adnotavit
908 2881 982 2913 editi
1006 2882 1086 2914 tim-t.

953 2926 984 2958 5.
1010 2924 1219 2970 ἐξισούμενον
1239 2929 1351 2969 scripsi
1378 2932 1544 2981 profem·
1575 2931 1659 2963 cor-

153 2973 185 3051 ,¹⁸
107 2926 498 3026 mus-meast&
907 2972 1200 3014 πσήοωιιίυεήκ
1223 2979 1298 3005 ute
1341 2973 1659 3026 ingeniitogentum

334 3013 630 3059 umss'redrofi.
908 3016 1130 3061 metlltuusgm
1164 2983 1659 3075 uati-xleqtumdlfmgnht)d

154 3060 187 3098 ⁸·
210 3057 251 3097 οὔ
291 3062 399 3096 veod-
423 3062 1183 3103 M9.Petuvto.1.tbri
1207 3066 1301 3106 υιιὶρο
1324 3062 1545 3110 &ecdurum

105 780 265 838 liqna,
305 795 421 838 qua-
454 781 656 839 apostolus
686 784 877 823 hommum
907 784 1051 835 Iingm‘s
1082 781 1309 838 anteponit,
1355 782 1580 825 celebratur
1609 792 1863 828 ac1.cor.1s‚1.
