2020 3276
450 186 631 221 saman
657 186 743 220 Lm.
757 186 818 220 111.
841 186 952 220 ToM.
969 187 994 219 t.
1020 186 1154 220 nsua.
1172 186 1330 219 Lxxvi.
1582 176 1662 218 191

437 323 847 375 ADVERSUS
898 322 1329 384 ANOMOEOS‚

356 420 469 469 quae
514 409 583 453 est
629 404 829 453 haeresis
872 403 996 453 LVI.
1010 440 1024 465 ‚
1072 404 1168 454 sive
1215 403 1430 453 LXXVI.

229 502 398 549 Praeter
418 505 489 548 bos
514 506 710 548 Anomoei
743 506 894 562 quidam
926 505 1146 546 extiterunt
1178 519 1318 546 recens
1343 505 1381 546 in
1407 505 1531 547 lucem
1555 504 1664 556 editi,
1701 508 1782 553 Cap.
1804 508 1828 543 Ι.

116 588 280 632 quorum
306 573 485 632 princeps
508 574 650 617 Aetius
674 574 861 616 diaconus
888 573 980 625 l'uit3
1014 574 1076 628 qui
1102 574 1147 614 ad
1173 587 1260 614 enm
1284 573 1482 628 dignitatis
1507 573 1668 629 gradum

117 643 167 685 ob
193 642 362 700 ineptias
380 657 424 684 ac
449 657 573 698 nugas
596 657 687 684 suas
710 658 730 684 a
757 641 933 697 Georgio
961 642 1235 683 Alexandrino
1268 650 1468 697 promotus
1492 649 1577 693 est,
1622 655 1670 683 eo

115 708 300 755 videlicet
320 711 405 768 ipso
426 710 490 768 qui
515 711 752 753 Ariannrnm
777 709 925 767 pariter
948 723 994 751 ac
1014 707 1319 751 Meletianornm
1343 710 1548 766 episcopus
1563 742 1574 762 ‚
1610 712 1671 752 lu-

114 776 222 823 liano
244 778 483 837 imperante,
518 786 559 821 ut
584 786 700 821 antea
721 779 947 829 docuimus,
981 779 1020 819 in
1042 778 1230 825 camelum
1252 777 1442 834 impositis
1470 786 1550 820 tota
1574 778 1671 820 urbe

115 847 377 907 ignominiose
405 847 606 890 traductus
634 854 711 889 est.
774 847 835 888 Ac
858 846 1020 902 primum
1045 846 1093 888 ab
1123 846 1335 902 gentilibus
1368 847 1666 903 circumseptus,

117 929 164 958 ac
186 915 305 959 multa
330 930 540 974 perpessus
555 947 566 968 ,
610 924 726 971 atque
759 916 805 956 ad
833 929 920 956 enm
944 929 1058 970 quem
1082 915 1251 956 diximus
1275 915 1429 956 modum
1452 915 1670 956 circumdu-

117 989 228 1037 ctus,
271 990 312 1026 et
337 983 504 1026 fustibus
533 998 765 1040 percussus,
810 990 966 1040 totaque
993 984 1268 1040 propemodum
1296 983 1392 1026 urbe
1417 985 1587 1036 tractus,
1631 984 1669 1025 in

117 1050 168 1094 iis
203 1051 402 1111 suppliciis
436 1051 635 1094 extinctus
668 1059 752 1104 est,
796 1065 842 1093 ac
874 1059 961 1108 post
991 1051 1136 1093 obitum
1171 1059 1470 1104 concrematus,
1515 1059 1555 1094 et
1585 1066 1670 1094 eum

120 1118 252 1163 niultis
273 1119 461 1177 pecudum
483 1133 529 1162 ac
551 1120 763 1162 bestiarum
786 1121 940 1162 ossibus
971 1120 1008 1161 in
1033 1120 1205 1162 cinerem
1240 1122 1447 1171 redactus,
1491 1128 1607 1176 atque
1632 1121 1671 1162 in

118 1194 262 1231 ventos
295 1187 518 1245 dispersus,
565 1188 680 1230 talem
712 1188 859 1230 exitum
894 1189 996 1230 vitae
1027 1197 1263 1231 consecutus
1289 1196 1365 1230 est.
1430 1187 1489 1231 De
1515 1204 1591 1245 quo
1614 1190 1671 1231 sic

119 1255 293 1299 obiicere
329 1255 442 1298 nobis
473 1255 664 1313 quispiam
698 1263 850 1313 potest:
895 1254 996 1299 Cum
1031 1256 1126 1298 haec
1149 1271 1171 1299 a
1194 1257 1405 1313 gentilibus
1437 1272 1575 1314 passus
1602 1258 1668 1310 sit,

120 1338 252 1368 noune
273 1325 502 1382 martyrium
526 1325 670 1367 obiisse
693 1323 816 1367 videri
839 1326 995 1381 potest?
1054 1323 1201 1367 Verum
1234 1325 1267 1368 si
1293 1340 1363 1381 pro
1394 1327 1560 1368 veritate
1585 1341 1670 1368 cer-

120 1398 251 1435 tamen
284 1392 474 1435 eiusmodi
508 1393 716 1443 subiisset,
767 1401 804 1435 et
830 1408 852 1436 a
874 1393 1087 1449 gentilibus
1120 1393 1169 1435 ob
1201 1393 1410 1446 invidiam,
1459 1395 1523 1436 vel
1555 1392 1671 1437 Chri-

117 1458 236 1503 stiani
262 1459 430 1503 nominis
452 1461 735 1518 professionem
761 1461 857 1503 haec
881 1461 953 1518 ipsi
977 1463 1105 1503 forent
1128 1461 1272 1504 inflicta
1294 1462 1500 1519 supplicia,
1537 1464 1671 1520 procul

118 1526 236 1572 dubio
264 1529 369 1571 inter
398 1536 619 1586 martyres,
664 1538 702 1571 et
726 1530 879 1586 quidem
905 1529 1136 1586 primarios,
1181 1531 1431 1573 collocandus
1453 1533 1669 1583 videretur,

118 1597 189 1639 sed
215 1595 311 1640 baec
337 1597 496 1639 minime
518 1605 677 1654 propter
699 1596 849 1640 Christi
875 1598 1164 1640 confessionem
1188 1598 1396 1652 sustinuit3
1429 1600 1519 1655 quin
1545 1601 1672 1657 potius

117 1664 168 1708 nb
193 1679 348 1708 omnem
372 1665 476 1707 illam
501 1666 681 1708 iniuriam
705 1680 750 1708 ac
774 1666 998 1709 violentiam
1026 1681 1101 1722 qua
1125 1667 1372 1724 episcopatus
1393 1667 1454 1710 sui
1477 1676 1669 1725 tempore,

119 1747 275 1791 quoquo
299 1747 388 1776 eum
420 1734 574 1776 tandem
606 1735 720 1776 modo
752 1735 945 1790 gesserit,
990 1735 1189 1777 civitatem
1226 1750 1381 1777 omnem
1415 1750 1460 1778 ae
1491 1738 1671 1793 populum

117 1801 336 1860 oppressit,
369 1816 455 1845 cum
481 1805 712 1859 praesertim
737 1803 887 1845 civibus
914 1810 1076 1860 paterna
1105 1803 1205 1845 bona
1227 1819 1272 1846 ac
1298 1805 1571 1861 possessiones
1594 1806 1671 1848 eri-

118 1877 245 1927 peret.
305 1868 447 1927 Neque
474 1885 570 1913 vero
601 1872 829 1914 calumniari
864 1872 1058 1914 bominem
1088 1871 1291 1926 volumus;
1339 1873 1459 1916 variis
1484 1874 1585 1916 enim
1609 1874 1671 1916 bic

119 1937 415 1980 Alexandrinos
437 1938 693 1982 incommodis
715 1940 862 1982 affecit.
925 1939 1045 1982 Velut
1067 1955 1153 1983 eum
1179 1940 1363 1984 nitrarias
1393 1957 1530 1986 omnes
1555 1943 1672 1985 offici-

119 2015 192 2049 nas
214 2005 403 2058 redemit,
436 2020 510 2048 una
533 2022 620 2050 cum
646 2009 780 2066 papyri
804 2009 1019 2065 calamique
1046 2009 1271 2066 paludibus,
1315 2024 1386 2052 nec
1411 2025 1489 2053 non
1516 2019 1556 2053 et
1578 2012 1669 2054 sali-

119 2073 231 2117 naria
256 2074 387 2117 omnia
413 2081 580 2131 stagna,
614 2090 711 2133 quae
738 2077 982 2131 conducere,
1017 2085 1056 2119 et
1078 2078 1124 2119 ad
1151 2091 1241 2120 sese
1267 2081 1484 2122 transferre
1506 2081 1668 2122 studuit.

121 2138 247 2186 Cuius
278 2149 412 2186 tantae
446 2150 652 2200 praeterea
684 2145 823 2187 sordes
852 2146 1040 2188 avaritiae
1073 2147 1230 2188 suerunt
1257 2154 1299 2189 ut
1322 2147 1437 2190 etiam
1469 2148 1670 2191 vilissimis

120 2222 174 2254 ex
211 2209 330 2254 rebus
363 2210 590 2254 illiberalem
622 2226 775 2255 omnem
815 2221 1018 2270 quaestum
1050 2229 1201 2257 summa
1230 2230 1304 2272 ope
1338 2230 1385 2258 ac
1417 2218 1670 2259 contentione

119 2284 311 2338 captaret.
371 2278 475 2322 Nam
497 2280 600 2322 inter
622 2288 755 2323 cetera
777 2281 1087 2335 lecticariorum,
1132 2285 1178 2325 ad
1205 2285 1405 2327 efferenda
1429 2293 1670 2327 mortuorum

120 2348 340 2400 cadavera,
385 2355 535 2390 certum
567 2361 769 2391 numerum
796 2350 986 2403 instituit,
1032 2365 1158 2407 neque
1182 2352 1359 2409 cuiquam
1381 2354 1467 2396 sine
1492 2353 1551 2395 bis
1571 2368 1669 2409 qnos

120 2413 210 2459 bnic
232 2416 358 2459 officio
380 2424 661 2473 praeposuerat
680 2424 872 2460 mortuum
891 2419 1033 2461 licebat
1054 2428 1283 2477 exportare,
1318 2422 1565 2477 peregrinum
1588 2436 1670 2463 ma-

119 2483 245 2527 xime.
307 2482 422 2539 Quod
446 2499 523 2526 non
547 2484 818 2542 hospitalitatis
847 2500 982 2529 amore
1015 2487 1205 2540 faciebat,
1238 2490 1306 2531 sed
1331 2490 1453 2540 lucri,
1487 2490 1541 2531 uti
1567 2490 1665 2543 dixi,

119 2553 387 2610 pecuniaeque
415 2554 557 2610 gratia.
620 2553 735 2609 Quod
765 2553 797 2595 si
822 2554 908 2609 quis
929 2556 1069 2598 mortui
1095 2570 1236 2613 corpus
1261 2571 1330 2613 per
1350 2571 1439 2599 sese
1466 2558 1666 2614 sepeliret,

120 2619 160 2663 in
182 2621 392 2678 periculum
417 2622 645 2665 vocabatur.
709 2622 831 2677 lgitnr
850 2636 903 2664 ex
924 2636 1157 2680 unoquoque
1181 2625 1374 2667 cadavere
1393 2633 1578 2681 quaestus
1600 2627 1669 2670 ali-

122 2689 211 2745 quid
249 2690 296 2732 ad
338 2689 462 2747 ipsum
508 2689 673 2732 redibat.
745 2688 862 2731 Mitto
906 2698 1062 2743 cetera,
1117 2692 1368 2749 inprimisque
1408 2693 1540 2736 luxum
1584 2695 1671 2739 eius

122 2769 302 2809 omnem,
345 2772 420 2800 una
452 2773 536 2801 cum
567 2759 710 2800 ceteris
743 2757 847 2799 vitiis
875 2771 921 2799 nc
944 2759 1173 2802 crudelitate
1205 2761 1452 2817 praesertim.
1514 2761 1671 2819 Quibus

123 2823 172 2867 dc
194 2826 345 2868 caussis
371 2841 457 2869 cum
485 2826 770 2878 Alexandrini,
803 2839 849 2867 ac
875 2826 1042 2880 gentiles
1066 2829 1296 2884 praesertim
1312 2861 1322 2881 ,
1364 2839 1477 2874 vetus
1499 2831 1539 2874 in
1562 2833 1670 2876 illum

122 2929 243 2971 τρίτιν,
266 2937 305 2961 a
326 2938 419 2971 eoque
439 2931 590 2963 vocabulo
609 2931 632 2974 ῆ
655 2939 714 2971 pro
734 2931 750 2964 ἶ
770 2930 870 2971 posito
915 2930 1007 2962 ιιι-ΙΙ.
1030 2930 1078 2971 11,
1102 2929 1155 2965 27.
1207 2932 1318 2965 Verum
1341 2934 1503 2968 verborum
1528 2936 1665 2977 Epipho-

123 2976 209 3006 nuto
321 2978 449 3008 accentu
469 2976 626 3017 effinxisse
648 2974 771 3017 τρίτην.
916 2977 962 3007 ηἰι·
995 2976 1276 3016 iruerpretnttonem
1312 2979 1446 3013 invenies
1480 2981 1514 3014 in
1544 2982 1671 3015 Peluvii

169 3014 203 3051 4.
274 3019 342 3058 λοις
369 3021 489 3054 uolebat
513 3022 596 3054 (ἰαῦ.
620 3022 772 3055 canterus
794 3022 871 3054 Nou.
917 3021 962 3053 nd
984 3021 1013 3053 h.
1034 3022 1054 3053 1.
1078 3023 1265 3055 Animadvv.
