1976 3262
409 215 594 250 rmum
615 214 701 249 mn.
717 215 777 248 111.
799 215 910 249 Tou.
928 216 955 249 1.
978 214 1111 249 naun.
1131 214 1291 248 Lxxm.
1567 205 1622 246 97

76 301 262 347 uhu-2⁰2,
301 298 498 339 maneat
529 303 657 344 terro,
690 300 768 337 etc.
829 293 951 347 Item,
997 298 1197 336 Faciamus
1225 296 1421 335 Ᾰοιιιύιω.
1483 290 1622 349 ltaque
1640 290 1800 354 ἳξῖξὲ

71 365 200 411 flio-
232 372 344 423 pater
373 363 600 420 alloquitur.
664 360 795 405 Porro
818 362 873 404 illi
899 362 974 419 ipsi
1004 377 1210 405 sermones
1248 362 1387 419 quibus
1415 362 1466 404 ad
1497 361 1619 404 lilium
1675 359 1781 432 ¹3⁸2·-

76 441 192 493 pater
209 432 533 477 utitor-tilii‘non'
565 432 673 474 suut.
736 431 792 473 At
813 430 941 483 filius,
983 445 1096 487 quem
1118 438 1228 488 pater
1248 431 1481 487 alloquitur,
1520 430 1624 473 inter

77 509 233 548 aeter·
251 500 558 560 appellationes,
589 503 726 550 Panis,
761 502 868 548 Vita,
901 502 1163 548 Resurrectio,
1197 514 1245 542 ac
1270 501 1439 556 denique
1464 500 1624 541 Verbu-

77 570 198 619 adan
229 570 395 623 dieitur,
438 583 487 612 eo
517 568 620 626 quod
653 569 716 611 dei
747 567 801 610 sit
834 567 1048 610 voluntatis
1072 568 1285 624 interpres.
1348 566 1545 623 Quocirca
1577 581 1627 611 ne

78 638 268 683 heretici
285 637 509 681 rudioribus
530 637 777 694 imponentes
803 636 924 678 filium
946 636 1048 678 idem
1067 650 1157 678 esse
1178 650 1265 678 cum
1289 635 1349 678 his
1373 635 1506 678 verbis
1528 650 1629 693 quae

78 714 193 766 poter
221 706 376 750 locotus
402 713 466 749 est
497 712 734 758 censerent,
766 705 814 747 ad
837 704 900 747 dei
923 704 990 746 lilii
1014 704 1290 746 declarandum
1311 704 1359 746 ab
1382 705 1491 747 hisce
1510 719 1628 748 voca-

77 775 184 820 bulis
210 788 312 833 quae
340 774 494 817 locutus
522 781 584 816 est
613 781 727 831 pater
758 774 969 815 discrimen
1004 772 1123 815 fllium
1154 772 1411 815 substantiam
1441 773 1631 830 appellari

80 850 266 903 oportere
285 843 571 896 decreverunt,
604 849 720 899 atque
742 842 797 884 ita
824 841 1034 884 discrimen
1057 841 1151 883 illud
1174 841 1487 894 constituerunt,
1530 849 1632 883 utet

80 913 182 958 deu
197 912 254 957 sit
272 911 477 964 existens,
523 918 566 953 et
596 910 717 953 verba
738 910 805 953 illa
830 923 929 966 quae
954 909 1222 967 pronuntiavit
1245 910 1341 951 dens
1365 908 1550 951 extitisse
1573 910 1631 951 di-

81 987 244 1034 m,
273 980 354 1023 oud
382 993 627 1036 nequaquam
660 978 926 1031 substantiae,
973 992 1110 1021 verum
1143 978 1421 1035 pronuntiandi
1455 978 1631 1020 actiones

83 1062 176 1095 -e
206 1055 468 1093 oenseantnrz
511 1055 553 1090 at
585 1048 690 1090 filins
723 1062 811 1090 cum
841 1047 1004 1090 verbum
1030 1047 1106 1100 sit,
1139 1061 1217 1089 non
1238 1047 1342 1089 actio
1362 1046 1551 1103 quaedam
1577 1047 1635 1088 lo-

83 1117 255 1176 quendi,
285 1115 381 1169 aed,
412 1123 547 1174 utpote
582 1115 711 1169 filius,
753 1115 972 1158 substantia
1002 1115 1068 1158 sit.
1129 1113 1232 1158 Nam
1269 1115 1303 1157 si
1332 1122 1445 1172 pater
1465 1129 1556 1158 esse
1577 1116 1635 1157 di-

7 1220 9 1223 ·
85 1194 222 1240 eatur,
261 1191 304 1228 et
334 1198 426 1228 esse
456 1184 618 1242 perinde
646 1184 773 1238 filius3
813 1198 904 1227 esse
933 1197 1033 1227 vero
1061 1191 1243 1240 tauquam
1266 1197 1290 1226 a
1315 1184 1390 1226 deo
1410 1183 1568 1241 proprie
1589 1197 1635 1226 ac

85 1267 276 1314 ger-ane
292 1260 338 1296 ut
359 1253 413 1296 sit
436 1253 658 1310 accipiens,
699 1253 866 1295 verbum
893 1252 1000 1296 filius
1022 1266 1137 1304 esse,
1182 1267 1259 1295 non
1295 1260 1338 1295 ut
1366 1260 1499 1295 cetera
1535 1266 1636 1309 quae

87 1336 113 1367 a
132 1323 212 1367 doe
228 1322 480 1381 ,muntiata
501 1329 616 1375 suut,
658 1321 903 1378 intelligitur.
965 1320 1078 1364 Haec
1107 1321 1212 1363 euim
1234 1321 1275 1363 in
1300 1334 1351 1363 eo
1374 1321 1439 1378 qui
1465 1321 1638 1377 loquitur

86 1404 180 1435 use
205 1389 302 1434 illud
331 1404 445 1434 snum
476 1390 645 1432 habente
687 1390 780 1432 illud
808 1404 905 1433 vero
937 1390 977 1432 in
1007 1404 1056 1432 eo
1075 1403 1166 1432 esse
1192 1403 1305 1432 sunm
1326 1389 1496 1447 positum
1522 1389 1640 1432 habet

86 1456 189 1518 qnod
208 1473 234 1502 a
253 1466 364 1517 patre
382 1458 539 1516 genitus
561 1459 629 1512 sit,
661 1466 702 1501 et
722 1459 851 1501 eidem
875 1459 1071 1501 auscultet
1089 1473 1136 1501 ae
1156 1457 1368 1501 ministret.
1431 1457 1546 1500 Hanc
1566 1458 1640 1515 igi-

0 1536 2 1539 “
86 1534 153 1571 tu·
180 1527 409 1586 hypostasin
439 1534 572 1584 patres
602 1527 862 1570 substantiam
891 1534 1102 1570 vocarunt.

0 1788 15 1855 μοι·
16 1751 17 1754 Α

204 1594 458 1655 Quapropter
473 1595 596 1638 lilium
614 1596 714 1653 patri
733 1595 899 1638 similem
922 1596 963 1637 iu
983 1595 1163 1638 omnibus
1183 1594 1453 1651 intelligimus,
1485 1601 1526 1637 et
1544 1594 1638 1637 hae·
1652 1603 1734 1648 Cap.
1751 1601 1846 1636 xm.

89 1665 172 1710 resi
199 1665 281 1719 illi,
321 1677 423 1722 quae
454 1665 647 1707 adversus
680 1664 890 1707 ecclesiam
925 1678 1051 1721 nuper
1072 1671 1134 1707 est
1160 1664 1358 1716 excitata,
1400 1662 1638 1706 resistimus.

89 1729 209 1792 Quae
235 1733 392 1791 quidem
427 1732 604 1776 haeresis
625 1733 826 1776 vuluntate
852 1740 892 1776 et
914 1734 1071 1776 actione
1101 1733 1187 1776 sola
1221 1732 1343 1788 patris
1375 1732 1497 1774 filium
1534 1730 1643 1774 simi-

90 1801 167 1846 le·
190 1815 283 1846 esse
302 1801 554 1860 pronuntiat,
594 1803 768 1844 essentia
795 1815 894 1845 vero
917 1802 1077 1844 eosdem
1099 1802 1206 1844 inter
1228 1814 1272 1843 se
1295 1813 1387 1843 esse
1413 1799 1639 1842 dissimiles.

91 1869 208 1914 Adeo
231 1877 277 1914 ιι
308 1884 365 1914 ex
385 1871 603 1914 recentium
633 1870 770 1913 horum
793 1870 1081 1913 haereticorum
1110 1871 1270 1912 decreto
1303 1867 1375 1910 filii
1396 1868 1579 1911 voluntas
1604 1874 1642 1910 et

90 1939 196 1983 aetio
215 1939 409 1982 voluntati
443 1939 495 1981 sit
528 1938 650 1996 patris
674 1937 900 1995 actionique
930 1939 1093 1991 similis,
1134 1938 1239 1981 iilius
1262 1944 1396 1980 tamen
1416 1937 1500 1995 ipse
1524 1936 1646 1994 patris

92 2007 148 2052 ἀι
167 2006 384 2051 dissimilis.
443 2006 660 2064 Propterea
691 2021 789 2051 vero
816 2007 887 2050 mii
906 2008 1148 2051 voluntatem
1174 2014 1216 2050 et
1236 2005 1432 2048 actionem
1457 2012 1645 2062 paternae

92 2075 308 2120 volontatis
328 2082 371 2118 et
393 2075 562 2119 actionis
582 2075 748 2119 similem
771 2089 863 2119 esse
883 2077 1044 2130 volunt,
1086 2075 1210 2118 lilium
1238 2074 1364 2132 ipsum
1395 2075 1520 2132 patris
1555 2087 1645 2117 esse

92 2143 260 2188 similem
294 2152 464 2202 negant,
506 2145 608 2201 quod
633 2145 755 2187 lilium
777 2159 801 2187 a
822 2152 934 2202 patre
960 2144 1120 2188 minime
1151 2143 1350 2201 genitum,
1392 2143 1463 2185 sed
1490 2150 1646 2185 creatu-

94 2225 181 2256 ra-
210 2212 404 2256 deamat
434 2226 527 2256 esse
558 2212 633 2255 sibi
657 2213 950 2270 persuaserint,
996 2221 1115 2270 atque
1144 2213 1183 2255 in
1217 2227 1266 2257 eo
1297 2228 1322 2257 a
1351 2212 1497 2256 creatis
1528 2211 1647 2253 rebus

96 2281 243 2325 distare
265 2280 412 2324 ceteris
433 2281 536 2339 quod
559 2288 599 2323 et
618 2282 886 2338 magnitudine
909 2282 1139 2335 antecellit,
1172 2289 1213 2324 et
1229 2288 1321 2325 aute
1343 2280 1476 2324 omnia
1497 2279 1647 2330 extitit,

96 2356 139 2393 et
153 2349 293 2392 eodem
311 2350 419 2393 velut
439 2350 670 2392 administro
693 2350 931 2407 reliquorum
950 2351 998 2394 ad
1018 2350 1313 2408 productionem
1334 2364 1430 2392 usus
1449 2355 1511 2391 est
1533 2346 1646 2389 deus.

98 2414 449 2475 Quandoquidem,
480 2418 590 2461 aiunt
613 2418 826 2471 haeretici,
869 2426 1003 2462 cetera
1037 2421 1134 2462 deus
1164 2434 1235 2477 per
1259 2418 1383 2461 filium
1409 2415 1649 2475 procreavit,

98 2485 307 2544 ipsammet
330 2500 428 2529 vero
454 2486 577 2529 filium
609 2501 688 2529 uon
722 2486 884 2530 alterius
913 2487 1166 2541 interventu,
1211 2487 1281 2530 sed
1303 2500 1375 2543 per
1398 2485 1653 2541 semetipsum

100 2553 298 2608 condidit,
337 2555 605 2611 magnitudine
646 2562 688 2597 et
716 2555 863 2598 virtute
903 2556 1048 2599 ceteris
1078 2562 1359 2614 praestantem.
1422 2552 1526 2596 Hinc
1557 2565 1654 2594 enu-

85 2622 191 2695 den
220 2623 466 2681 unigenitum
496 2623 616 2667 lilium
646 2623 872 2681 appellavit.

215 2769 307 2815 Nos
321 2778 475 2825 autem,
505 2774 569 2829 qui
595 2773 635 2815 in
658 2771 852 2815 ecclesiae
876 2771 1092 2815 catholicae
1115 2778 1225 2830 parte
1249 2783 1527 2822 numeramur,
1570 2783 1656 2813 cum
1674 2776 1863 2824 enpxtv.

106 2851 131 2884 e
151 2839 357 2899 seripturis
377 2841 503 2885 sacris
529 2842 622 2884 fidei
645 2840 930 2899 professionem
954 2840 1223 2893 hauserimus,
1255 2840 1314 2883 sic
1339 2838 1557 2883 babemus.
1546 2854 1557 2865 ·
1591 2851 1660 2895 pa-

107 2974 860 3059 &nmdhoimssmmefiliumpatrn
900 2978 1199 3020 pemvocobulun
1231 2972 1555 3013 moaeoooobulo
1586 2972 1661 3011 ἀνό-

109 3021 757 3067 ἰΰΜηεΙφᾰωῆωπὶκατάδ
799 3035 860 3068 την
906 3033 1020 3078 μοιον,
1044 3016 1663 3058 flammandam-dine

110 3063 228 3105 αἰσίαν
244 3064 408 3113 &dm-
445 3070 647 3105 Mantus
665 3070 796 3111 tortasse
810 3078 859 3102 re-
906 3065 1059 3112 ἀνόμοιον
1082 3071 1149 3102 esu.

181 3122 598 3161 eur-nmmum
1367 3128 1392 3169 7
