2020 3276
379 250 565 285 emanti
589 250 674 284 ms.
693 248 754 283 111.
775 249 887 284 τοΜ.
907 250 947 283 n.
969 248 1103 283 naas.
1122 249 1290 283 cxxix.
1526 235 1605 281 451

65 331 121 375 a&
140 329 271 376 tuan
306 342 489 387 magnum
519 330 764 372 sacerdotem
798 337 839 371 et
870 327 1037 372 Esdram
1072 329 1342 381 sacerdotem,
1383 335 1462 370 etc.
1522 326 1612 370 Nec

65 412 235 458 aequm
264 399 406 442 mulier
434 398 657 441 sacerdotio
688 398 821 439 functa
851 398 1010 453 legitur.

179 468 312 525 Atque
346 474 387 509 ιιι
421 467 468 508 ad
502 481 645 509 novum
676 472 950 508 testamentum
988 467 1244 516 accedamus,
1287 466 1321 506 si
1347 464 1609 507 sacerdotium
1636 464 1715 509 0⁸1²·
1738 466 1793 497 ¹¹¹·

66 535 295 587 mulieribus
326 535 548 577 mandatum
582 535 707 586 foret,
757 541 824 576 aut
858 534 1089 576 canonicum
1126 534 1304 589 quiddam
1338 543 1539 590 praestare
1573 533 1615 575 in

66 602 237 647 aeclesia
261 604 424 655 lieeret,
467 602 560 645 nulli
593 602 721 660 potius
741 616 856 658 quain
881 600 1036 644 Mariae
1063 602 1154 643 illud
1182 602 1221 643 iu
1249 616 1354 644 novo
1379 609 1614 644 testamento

67 671 256 722 eom-itti
271 671 505 715 ..sacerdotis
534 671 700 714 officium
722 670 878 722 debuit,
918 671 980 712 cui
1001 677 1133 712 tantus
1163 671 1291 712 honor
1314 677 1375 712 est
1397 671 1551 712 habitus
1574 677 1617 713 ut

66 740 219 798 gremio
237 739 404 797 sinuque
426 754 499 782 suo
527 753 661 795 regem
686 738 857 781 omnium
882 753 930 780 ac
953 739 1164 780 coelestem
1191 739 1305 780 deum
1331 738 1471 794 deique
1498 739 1614 780 filium

68 808 289 867 exciperet.
350 806 477 851 Cuius
515 814 651 850 uterus
680 807 788 850 velut
819 807 1000 863 templum
1028 821 1075 848 ac
1098 807 1334 848 domicilium
1358 807 1479 849 divini
1505 806 1617 848 verbi

66 877 377 920 ianr-ationem
411 876 602 933 singulari
634 883 695 918 est
717 875 958 930 benignitate
979 876 1040 917 dei
1072 890 1214 931 magno
1234 889 1281 916 ac
1310 876 1502 932 stupendo
1533 890 1617 932 my·

69 945 194 1002 sterio
216 952 487 1002 praeparatus.
550 943 698 987 Verum
724 944 841 999 longe
866 944 940 986 deo
958 944 1071 985 aliter
1092 951 1155 985 est
1176 944 1319 996 visum,
1352 957 1398 985 ac
1423 958 1472 985 ne
1494 944 1619 1000 bapti-

69 1013 185 1057 zandi
214 1013 369 1070 quidem
401 1020 574 1070 potestas
604 1020 666 1055 est
695 1013 748 1054 illi
770 1013 894 1065 lacta3
935 1026 1023 1054 cum
1047 1012 1191 1067 alioqui
1216 1012 1311 1067 tingi
1334 1012 1383 1054 ah
1411 1012 1478 1054 illa
1502 1009 1618 1054 Chri·

70 1088 156 1125 stus
184 1081 316 1140 potins
349 1096 463 1138 quam
498 1081 547 1124 ab
580 1080 730 1124 loanne
760 1081 966 1137 potuisset.
1030 1079 1179 1122 Verum
1205 1079 1376 1123 loannes
1396 1079 1618 1122 Zachariae
1663 1081 1736 1110 1³⁰⁶·
1756 1082 1781 1110 ¹·

71 1149 175 1194 filies
203 1157 296 1208 poet
320 1150 571 1192 commissum
601 1149 674 1192 sihi
699 1148 922 1206 baptizandi
948 1163 1088 1191 munus
1111 1149 1160 1190 ad
1193 1156 1441 1205 peccatorum
1473 1149 1620 1191 condo-

73 1218 273 1265 nationem
299 1219 419 1260 vitam
442 1218 481 1260 in
503 1218 714 1261 solitudine
739 1217 938 1271 traduxit3
980 1218 1091 1260 cuius
1116 1224 1228 1274 pater
1245 1218 1506 1259 sacerdotium
1529 1231 1620 1272 ges-

72 1286 141 1340 sit,
172 1294 214 1329 et.
231 1286 306 1330 sub
324 1286 460 1330 horam
480 1287 629 1330 suffitus
650 1286 780 1328 visum
802 1286 891 1328 huic
910 1286 1082 1328 oblatum
1104 1293 1180 1328 est.
1242 1284 1339 1328 Post
1358 1286 1455 1328 haec
1476 1284 1620 1328 Petrus

72 1362 115 1398 et
149 1354 357 1407 Andreas,
404 1353 594 1407 lacobus,
637 1361 678 1397 et
713 1353 909 1406 loannes,
955 1353 1179 1411 Philippus,
1225 1362 1266 1396 et
1299 1351 1618 1408 Bartholomeus‚

74 1420 332 1476 Thaumas,
356 1430 395 1465 et
409 1421 576 1465 lacobus
589 1423 772 1480 Alphaei‚
797 1430 837 1465 et
853 1421 967 1464 ludas
983 1421 1130 1475 lacohi,
1155 1430 1192 1464 et
1209 1421 1347 1465 Simon
1365 1421 1619 1477 Canameus,

72 1498 115 1536 et
131 1490 321 1536 Haunia-
340 1493 388 1534 ad
411 1492 648 1549 supplendos
671 1491 874 1533 duodecim
897 1491 1110 1544 suffectu83
1141 1490 1213 1543 illi,
1246 1492 1426 1548 inquam,
1460 1507 1614 1546 omnes,
1666 1506 1729 1533 Aet.
1748 1507 1773 1534 1.

74 1560 296 1618 acopo-toti
317 1560 458 1603 delecti
482 1567 598 1612 sunt,
637 1575 684 1601 ac
703 1566 785 1601 toto
806 1567 999 1602 terrarum
1018 1559 1115 1601 orbe
1135 1574 1283 1601 sacram
1312 1563 1504 1614 evangelii
1529 1563 1621 1615 fim-
1638 1574 1725 1603 nom.
1736 1574 1824 1611 1⁵,1⁶.

74 1632 233 1671 edonem
254 1631 595 1677 adaman-arunt,
629 1643 716 1670 cum
741 1626 862 1670 l‘aulo
884 1635 925 1670 et
949 1626 1155 1680 Barnaba,
1189 1643 1234 1670 ac
1257 1629 1402 1671 ceteris
1425 1629 1620 1685 iidemque

76 1699 354 1756 mysteriorum
376 1703 560 1740 auctores
581 1704 699 1753 atque
722 1697 948 1739 conditores
970 1697 1144 1748 fuerunt,
1177 1711 1253 1739 uua
1277 1711 1363 1739 cum
1389 1695 1532 1739 lacobo
1553 1699 1621 1739 do-

75 1765 173 1810 ·'ni
192 1767 340 1818 trahe,
382 1765 508 1823 primo
536 1764 902 1822 Hierosolymorum
931 1764 1139 1822 cpiscop03
1180 1779 1202 1806 a
1229 1780 1306 1821 quo
1330 1773 1372 1807 ut
1401 1773 1440 1807 et
1465 1766 1513 1808 ab
1536 1766 1623 1809 aliis

75 1832 480 1890 qua-meruimus
494 1834 700 1889 apostolis,
722 1834 994 1891 episcoporum
1009 1847 1056 1874 ac
1070 1833 1389 1890 presbyterorum
1404 1835 1624 1877 successio-

76 1915 149 1946 nea
169 1909 262 1946 eunt
282 1901 326 1944 in
347 1901 464 1944 domo
486 1902 546 1944 dei
569 1902 821 1944 constitutae.
881 1900 971 1944 Nec
993 1902 1203 1944 interillos
1229 1909 1359 1944 tamen
1384 1903 1524 1945 mulier
1545 1903 1625 1945 ulla

76 1976 259 2028 cooptata
277 1969 436 2026 legitur.
497 1968 622 2012 Erant
638 1970 809 2027 quidem,
841 1978 883 2012 ut
904 1970 1096 2026 scriptura
1117 1978 1268 2022 narrat,
1300 1969 1479 2028 Philippo
1499 1986 1622 2013 evan-
1640 1987 1703 2014 Aet.
1721 1985 1766 2021 ιι,
1785 1986 1810 2012 υ.

77 2037 244 2095 gelistae
263 2037 365 2081 filiae
391 2036 447 2080 lV
474 2038 766 2095 prophetissae,
801 2053 878 2080 uon
905 2045 1035 2080 tamen
1060 2039 1306 2081 sacerdotes.
1369 2038 1562 2082 Similiter
1586 2048 1626 2082 et

78 2108 195 2151 Anna
225 2105 474 2164 *prophetissa
505 2106 578 2149 fuit
600 2104 812 2149 Phanuelis
846 2107 946 2158 tilia,
988 2122 1066 2149 non
1101 2114 1231 2149 tamen
1257 2108 1478 2150 sacerdotio
1510 2122 1623 2165 prae·
1640 2122 1810 2158 noemae.

78 2175 174 2219 dita.
235 2172 390 2232 Quippe
413 2174 564 2230 impleri
593 2174 695 2217 istud
722 2175 927 2232 oportebat
948 2176 1049 2231 quod
1081 2183 1142 2218 est
1165 2177 1377 2232 scriptum:
1420 2180 1624 2231 Propheta·
1644 2191 1752 2225 10012,
1769 2191 1812 2219 aa.

79 2244 175 2286 bant
190 2244 282 2299 filu?
307 2246 445 2292 uestri,
491 2250 532 2283 et
547 2244 664 2296 filiu
687 2251 832 2284 vestrae
855 2247 999 2285 somm’a
1018 2246 1278 2294 somniabunt,
1312 2254 1351 2286 et
1369 2248 1624 2287 adolescentes
1642 2230 1752 2297 Acuent,
1772 2260 1813 2289 ιτ.

79 2315 200 2361 σφω’
217 2314 377 2354 ιιιέὼιιω
401 2311 591 2352 υίιίεόιιηε.
654 2310 899 2367 Quamquam
926 2325 1022 2354 vero
1053 2312 1362 2355 diaconissarum
1387 2315 1426 2356 in
1459 2315 1628 2356 ecclesia

81 2381 180 2424 ordo
200 2379 276 2433 eit,
321 2394 399 2422 non
430 2387 560 2422 tamen
587 2379 635 2421 ad
660 2379 870 2421 sacerdotii
896 2380 1158 2432 functionem,
1203 2390 1269 2423 aut
1295 2382 1411 2424 ullam
1436 2383 1628 2425 eiusmodi

81 2448 458 2493 administrationem
494 2447 694 2490 institutus
730 2453 815 2499 est,
861 2448 930 2490 aed
963 2455 1005 2490 ut
1036 2449 1235 2491 muliebris
1271 2464 1394 2492 sexus
1432 2450 1629 2492 honestati

83 2517 334 2569 consulatur,
366 2517 451 2559 sive
475 2523 517 2558 ut
538 2515 715 2573 baptismi
742 2522 918 2572 tempore
945 2516 1072 2567 adsit,
1104 2517 1190 2559 sive
1212 2524 1256 2559 ut
1277 2518 1457 2574 inspiciat
1481 2518 1515 2560 si
1537 2518 1628 2574 quid

85 2599 200 2644 peasa
218 2585 274 2628 ait
293 2592 362 2628 aut
383 2584 588 2627 molestiae
612 2583 837 2640 pertulerit,
878 2584 964 2626 sive
986 2591 1029 2626 ιιι
1049 2599 1134 2626 cum
1159 2587 1379 2628 nudandum
1407 2594 1468 2628 est
1493 2587 1629 2629 mulie-

83 2654 141 2698 tie
162 2663 305 2711 eorpus
325 2653 587 2705 interveniat,
632 2666 681 2694 ne
704 2652 878 2693 virorum
906 2651 972 2707 qui
1003 2652 1108 2694 sacri
1131 2661 1345 2709 operantur
1373 2655 1548 2711 aspectui
1578 2654 1630 2697 sit

86 2722 292 2780 exposita,
333 2722 403 2764 aed
432 2735 455 2764 a
477 2721 561 2764 sola
586 2720 805 2763 diaconissa
829 2719 1032 2772 videatur,
1073 2734 1173 2776 quae
1200 2722 1419 2764 sacerdotis
1447 2723 1630 2765 mandato

88 2789 263 2833 mulieris
297 2804 430 2833 curam
467 2790 591 2846 gerit,
635 2803 711 2845 quo
744 2795 919 2845 tempore
955 2788 1131 2830 vestibus
1163 2790 1337 2831 exuitur.
1400 2788 1490 2845 Qua
1516 2790 1556 2833 iu
1586 2805 1631 2834 re

89 2872 176 2902 eum
200 2857 349 2902 ordinis
373 2857 476 2900 illius
502 2857 742 2909 modestiae,
788 2863 866 2898 tum
894 2855 1185 2898 ecclesiasticae
1213 2857 1440 2914 disciplinae
1465 2860 1632 2915 pruden-

89 2966 110 2974 -
134 2967 155 2976 -
179 2946 444 2995 ᾗσφαλισμένου.
502 2950 671 3001 corner-ipa
703 2948 841 3001 reddidit
884 2946 1127 3000 ecclesiastieae
1145 2947 1252 2999 bonae
1273 2948 1517 2983 constitutionis
1536 2949 1634 2984 valde

91 2995 166 3030 Meo
181 2998 277 3030 verbo
294 2997 339 3028 ltu
358 2992 401 3026 ad
420 3000 550 3038 tempus
571 2993 749 3046 indigentia
768 3004 839 3025 mn·
884 2992 1063 3025 scientifice
1097 3000 1240 3026 munitus
1271 2993 1314 3026 ait
1346 2994 1378 3027 in
1402 3006 1553 3029 mensura
1578 3008 1633 3030 re-

21 3045 27 3085 ;[
90 3038 192 3079 liet-ia,
214 3040 248 3074 in
269 3047 419 3084 tempore
439 3038 672 3072 denudatiome
694 3039 843 3082 corporis
887 3038 993 3082 gulae.

22 3087 35 3102 ”
92 3083 213 3130 ipsine,
246 3086 292 3119 ita
316 3093 352 3118 nt
371 3084 455 3118 ordo
478 3085 567 3118 bono
593 3084 785 3129 disciplinae
809 3092 841 3117 et

1254 3132 1347 3175 29·
