2020 3276
667 252 1106 289 mscsrnumosis.
1573 243 1656 287 577

107 344 207 380 nan
227 333 349 386 velit,
391 333 561 378 definitis
582 334 656 377 boc
690 333 828 376 diebus
854 335 986 376 faeere
1009 334 1214 391 prohibet,
1260 334 1328 376 sed
1357 333 1511 390 qnando
1534 333 1659 376 libne-

106 404 177 455 [ἢ.
233 401 476 460 Episcopum
506 403 622 446 docet
650 402 774 445 nihilo
804 403 1131 459 praestantiorem
1164 417 1252 445 esse
1284 402 1534 459 presbytero.

220 471 397 514 Aetiani.
459 469 586 514 Huius
618 471 797 515 haeresis
823 471 963 513 Aetius
991 471 1144 527 quidam
1173 471 1359 513 inventor
1390 471 1547 523 extitit,
1589 484 1658 526 ge·

109 553 208 584 nere
228 537 364 593 Cilix,
406 539 472 596 qui
492 554 516 583 a
540 539 716 596 Georgio
744 539 985 582 Arianorum
1018 540 1201 596 episcopo
1235 540 1424 581 diaconus
1455 538 1661 581 ordinatus

108 615 188 653 ut.
246 608 480 652 Ano-iocos
499 609 588 652 illos
608 608 820 665 appellant,
852 607 919 651 alii
940 607 1210 650 Eunomianos
1225 640 1237 660 ‚
1276 609 1325 650 ab
1347 607 1545 650 Eunomio
1564 622 1661 664 quo-

109 678 197 720 da·
217 676 328 720 Aetii
351 677 566 734 discipulo,
598 677 663 733 qui
687 676 760 718 hoc
785 684 963 733 tempore
988 684 1186 733 superest.
1230 675 1467 718 Earumdem
1495 677 1662 733 partium

112 752 200 790 erat
218 754 262 789 et
283 744 519 799 Eudoxias,
551 746 622 788 sed
644 743 869 788 Constantii
888 745 1137 802 imperatoris
1161 751 1267 787 metu
1291 745 1339 786 ab
1363 745 1439 787 illis
1462 759 1506 787 se
1526 759 1663 802 segre-

109 819 213 872 gans
233 829 281 858 ac
298 814 409 857 solus
434 814 576 856 Aetius
596 814 796 869 relegatus
818 821 896 856 est.
958 812 1205 869 Quamquam
1227 813 1266 855 in
1295 814 1449 856 Ariano
1482 814 1665 869 dogmate

111 883 408 941 perseveravit,
455 883 527 925 sed
559 882 722 925 Aetium
754 882 914 924 minime
944 890 1105 924 secutus
1140 890 1216 924 est.
1286 880 1415 924 Porro
1448 882 1662 934 Anomoei,

113 953 201 996 sive
221 950 405 1003 Acti-ni,
449 948 651 993 Christum
682 958 725 993 et
744 951 923 1007 spiritum
949 959 1127 993 sanctum
1158 965 1181 992 a
1202 951 1276 992 deo
1298 951 1471 992 funditus
1497 952 1666 992 alienum

113 1019 473 1078 easezpraaedicant,
517 1034 615 1076 quos
645 1026 801 1062 creatos
829 1033 943 1071 esse,
987 1034 1115 1075 neque
1135 1019 1339 1075 quicquam
1362 1019 1507 1061 habere
1529 1019 1667 1061 simili-

114 1089 261 1133 tudinis
293 1095 494 1132 asserunt.
567 1087 722 1146 Quippe
757 1088 1000 1145 syllogismis
1040 1088 1268 1144 quibusdam
1311 1087 1580 1130 Aristotelicis
1621 1102 1668 1130 ac

114 1157 368 1216 geometricis
392 1157 454 1199 dei
485 1164 663 1199 naturam
684 1157 887 1213 explicare
909 1158 1092 1208 student,
1124 1156 1341 1212 iisdemque
1363 1157 1532 1212 probare
1551 1155 1669 1199 Chri-

115 1234 221 1270 stum
241 1241 265 1269 a
285 1226 361 1269 deo
382 1226 478 1268 oriri
501 1240 580 1268 non
600 1239 733 1281 posse.
775 1224 1011 1267 Eunomiani
1036 1239 1135 1266 vero
1152 1225 1200 1266 ab
1219 1225 1305 1281 ipso
1325 1225 1488 1281 profecti
1511 1239 1665 1276 omnes,

117 1295 196 1352 qui·
217 1295 267 1338 ad
299 1308 346 1337 se
375 1294 564 1348 veniunt,
604 1294 748 1336 iterato
780 1293 1003 1350 baptizant,
1045 1307 1122 1335 non
1157 1293 1370 1336 catholicos
1404 1294 1555 1346 solum,
1598 1294 1668 1336 sed

117 1363 183 1407 vel
210 1362 390 1406 Arianos
419 1363 549 1420 ipsos,
592 1363 709 1419 idque
740 1376 790 1404 eo
823 1363 939 1404 modo
960 1369 1004 1404 nt
1027 1362 1188 1419 pedibus
1210 1362 1249 1403 in
1279 1362 1432 1404 coelum
1463 1362 1670 1404 conversis

118 1431 161 1475 in
186 1439 304 1489 caput
326 1431 416 1475 illos
448 1431 669 1488 intingant3
711 1432 814 1488 quod
850 1431 897 1473 de
937 1431 1015 1474 illis
1051 1430 1287 1487 percrebuit.
1349 1429 1560 1487 Stuprum,
1605 1438 1673 1472 aut

118 1499 223 1544 aliud
254 1500 454 1557 quodlibet
485 1508 712 1557 peccatum,
761 1499 855 1541 nihil
882 1513 973 1542 esse
1008 1500 1211 1552 dictitant,
1259 1513 1387 1554 neque
1419 1499 1524 1541 enim
1557 1500 1672 1541 deum

121 1568 228 1612 aliud
254 1582 450 1626 quaerere
479 1583 594 1625 quam
619 1569 720 1611 utin
745 1582 793 1611 ea
811 1568 899 1610 sola
928 1582 1043 1624 quam
1074 1568 1147 1624 ipsi
1178 1568 1405 1651 praedicant
1434 1568 1508 1610 fide
1539 1581 1675 1624 perse-

122 1643 301 1682 veretur.

234 1704 324 1749 Hae
344 1712 437 1749 sunt
465 1705 653 1748 haereses
676 1705 767 1748 illae
792 1711 942 1762 septem
975 1719 1072 1761 quas
1101 1711 1241 1747 sextus
1264 1705 1341 1747 iste
1365 1704 1454 1747 libri
1477 1704 1584 1747 tertii
1615 1711 1676 1746 to·

125 1788 215 1820 mua
240 1774 529 1832 complectitur.

226 1841 424 1899 >Denique
447 1842 536 1885 libri
561 1840 637 1885 ΙΙΙ.
667 1849 795 1885 tomus
820 1841 895 1895 ll.‚
938 1843 1003 1898 qui
1029 1850 1091 1884 est
1113 1849 1305 1884 tomorum
1329 1841 1466 1884 ordine
1489 1840 1603 1894 Vll.,
1635 1841 1677 1883 in

128 1925 208 1968 qu
234 1911 355 1955 totius
383 1911 516 1968 operis
545 1910 633 1953 linis
656 1918 742 1963 est,
775 1911 964 1954 haereses
992 1910 1169 1954 continet
1189 1909 1264 1953 lv.

244 2046 517 2100 nimau-tue,
557 2048 622 2104 qui
662 2055 704 2090 et
736 2048 1073 2105 Apollinaristae‚
1114 2048 1178 2104 qui
1204 2049 1415 2105 perfectam
1448 2045 1597 2090 Christi
1620 2047 1681 2089 in-

132 2116 401 2160 carnationem
421 2115 580 2158 minime
603 2116 863 2171 confitentum
903 2131 1067 2173 quorum
1091 2117 1156 2159 alii
1183 2116 1517 2159 consubstantiale
1541 2116 1683 2159 divini-

133 2185 205 2229 tati
226 2198 319 2228 esse
339 2197 484 2242 corpus
506 2184 718 2237 affirmant,
750 2185 817 2227 alii
838 2199 936 2227 vero
959 2185 1172 2227 defendere
1193 2185 1298 2227 istud
1323 2186 1440 2227 etiam
1465 2186 1551 2227 ausi
1573 2192 1680 2236 suut,

134 2251 337 2298 Christum
354 2266 598 2309 nequaquam
617 2252 786 2295 animam
806 2254 1082 2310 assumpsisse,
1111 2254 1227 2309 idque
1244 2268 1391 2309 negare
1410 2254 1679 2296 instituerunt.

134 2319 304 2378 Quidam
339 2321 398 2363 his
430 2320 628 2376 evangelii
660 2321 793 2364 verbis
825 2321 975 2375 innixi,
1020 2323 1179 2363 Verbum
1211 2337 1302 2363 earo
1331 2324 1474 2374 factum
1504 2330 1604 2371 eslf
1629 2334 1682 2363 ex

134 2397 270 2434 creata
290 2404 434 2442 carne,
479 2389 553 2431 hoc
574 2395 637 2431 est
656 2386 811 2442 Maria,
851 2403 1010 2432 caruem
1030 2390 1079 2433 ab
1102 2389 1169 2432 illo
1193 2397 1413 2447 susceptam
1437 2403 1526 2432 esse
1548 2389 1686 2431 volue-

135 2466 250 2512 runt,
291 2459 361 2503 scd
386 2458 512 2501 solum
545 2456 707 2499 verbum
728 2470 887 2500 carnem
911 2472 1004 2501 esse
1035 2460 1179 2501 lactum
1204 2459 1457 2516 pertinaciter
1478 2471 1686 2500 assevera-

136 2534 247 2572 runt.
305 2525 452 2570 Postea
486 2539 606 2577 vero,
645 2539 762 2581 quam
791 2526 842 2568 ob
871 2540 1054 2570 caussam
1080 2527 1238 2577 nescio,
1286 2534 1455 2569 mentem
1477 2526 1585 2568 illum
1606 2539 1686 2568 non

137 2596 398 2654 assumpsisse
428 2594 631 2637 dixerunt.

250 2661 671 2709 Antidicomarianitae
707 2661 860 2704 beatam
897 2676 1129 2720 semperque
1168 2662 1359 2719 virginem
1391 2660 1559 2705 Mariam
1598 2668 1688 2719 post

138 2733 286 2778 editum
315 2732 555 2776 salvatorem
586 2745 672 2773 cum
705 2728 874 2787 losepho
905 2731 1182 2774 consuevissse
1213 2738 1364 2788 putant.

255 2798 543 2859 Collyridiani,
586 2800 651 2856 qui
675 2799 716 2841 in
739 2798 913 2841 eiusdem
935 2796 1087 2841 Mariae
1110 2812 1251 2841 nomen
1273 2805 1378 2841 stato
1399 2798 1491 2840 anni
1523 2797 1584 2840 die
1610 2797 1691 2840 col·

52 2940 57 2950 ι
142 2914 895 2959 κρωάιᾱΡυωῦειΙωπηυιι-Μηὶο
942 2913 1033 2956 aaz„
1067 2914 1327 2966 σιίπΡφιοτ-ιο
1351 2910 1400 2951 εἰς
1429 2907 1566 2955 ὕστερον
1597 2910 1691 2948 Bkt(

141 2964 199 2997 ds.
940 2938 1253 3001 διανοοὺνῦμεοιοκ
1232 2954 1354 2993 not-302
1378 2956 1593 2997 εἰπεῖν,νο”ν
1617 2959 1690 2992 κτλ.

189 3007 394 3048 8¹1.me
413 3001 552 3049 ’ὕστερον
573 3002 613 3040 ak
644 3015 684 3038 ex
704 3006 845 3038 Ponat-so
866 3007 895 3038 et
982 3007 1036 3037 «ιν-ἐ.
1075 3006 1139 3037 Hoc
1168 3005 1354 3037 vocobulum
1382 3013 1445 3036 non
1474 3007 1632 3045 conpone
1659 3014 1692 3037 m

145 3054 260 3089 Ιοαιιιο
292 3054 439 3086 m
471 3053 527 3105 qut
556 3052 647 3084 hobel
682 3045 819 3092 ὕστερον
853 3047 893 3085 δὲ
937 3050 1026 3082 codd
1047 3059 1119 3083 mss.
1149 3052 1177 3081 et
1198 3050 1269 3081 edit.
1288 3051 1388 3090 princ.
1436 3050 1600 3091 Supplevit
1627 3051 1694 3091 pn·-

84 3112 86 3114 ·
146 3096 372 3142 διανοούμενοι
390 3095 425 3131 τί
455 3107 520 3131 ουκ
551 3092 628 3132 οἶδα
661 3094 786 3134 acme»,
822 3094 897 3130 νοῦν
943 3105 1030 3128 mum
1051 3097 1127 3129 Petu
1131 3097 1210 3127 tm

216 3152 334 3190 coqu·
351 3149 531 3181 amnon.
546 3148 586 3178 ιι.
605 3149 631 3177 ι.
1354 3153 1408 3194 37
