2020 3276
455 183 639 219 umen
662 183 750 218 mn.
768 183 829 217 ut.
846 183 959 218 τοΜ.
977 183 1002 216 ι.
1026 181 1159 216 men.
1177 180 1323 215 Lxxv.
1577 168 1656 211 185

109 271 304 313 mlo
322 264 407 308 sola
424 263 535 320 virga
557 263 772 306 instructus
793 263 832 304 in
851 263 1076 319 Aegyptum
1098 261 1279 303 mittitur.
1339 257 1467 314 Quam
1489 272 1576 301 cum
1597 257 1656 299 in·
1684 263 1778 294 Rxod.
1792 264 1836 294 ⁴0·

106 333 364 396 μυοίη,
407 333 545 376 Aaron
568 332 693 389 ipsius
719 333 843 374 frater
864 331 1051 373 divinitus
1079 331 1222 372 missus
1244 329 1280 370 ei
1304 341 1348 371 se
1372 328 1419 370 ad
1442 326 1657 370 subsidium

107 401 299 457 adiungit.
360 399 513 445 Deinde
546 407 748 457 postquam
786 399 823 442 ei
845 413 867 440 a
892 399 1011 441 fratre
1047 399 1142 440 fides
1173 397 1301 439 habita
1332 404 1416 449 est,
1457 395 1657 439 seniorum

107 469 291 514 adillnm
322 483 372 512 ac
402 469 529 527 populi
560 483 630 526 per
660 468 754 511 illud
789 475 942 525 tempus
973 466 1203 524 principium
1229 465 1434 507 multitudo
1453 464 1656 507 convenit.

108 537 227 583 Tu:
242 537 437 581 destinato
465 551 585 594 opere
612 539 720 579 vires
751 544 792 580 et
814 537 1056 579 incrementa
1079 535 1258 591 capiente
1283 548 1392 576 mare
1417 533 1654 590 penetravit.

106 605 290 651 Necdum
311 614 441 650 tamen
462 606 510 649 ad
534 606 661 662 legent
687 612 975 662 pervenerant,
1019 604 1146 646 donec
1169 603 1273 645 illum
1298 603 1394 644 deus
1415 604 1462 644 ad
1485 609 1659 644 montem

106 682 309 728 evocaret,
341 689 430 718 cum
449 681 490 717 et
509 674 662 717 tabulas
684 674 857 726 tradidit,
881 680 922 715 et
942 672 1235 715 tabernaculum
1259 671 1483 722 instituere,
1516 669 1659 727 princi-

106 751 202 804 pe,
230 743 492 795 decuriones,
525 741 907 799 quinquagenarios,
940 741 1216 792 centuriones,
1248 754 1296 782 ac
1321 740 1498 781 tribunos
1521 752 1660 781 creare

105 812 254 866 §oc-it.
314 809 439 855 Vides
468 812 791 868 quemadmodum
825 824 891 853 res
921 824 1059 852 omnes
1083 809 1267 866 paulatim
1289 808 1547 865 amplificatae
1575 810 1660 850 sue-

13 924 17 925 s
106 881 215 925 ἠύ
271 883 378 930 Vide,
410 880 552 936 inquit,
580 881 703 934 [σείει
726 883 851 921 omm‘a
872 882 1076 920 secundum
1099 880 1307 932 exemplar,
1340 880 1441 932 quod
1462 879 1536 918 tibi
1553 892 1654 918 mon·
1665 883 1757 914 8¹01.
1765 882 1811 920 ¹⁵,
1819 882 1863 912 ⁴0.

104 957 268 993 m
288 957 349 992 ese
371 953 412 991 in
437 956 560 990 monte
579 951 689 990 Silua.
753 947 1102 990 Animadvertisne
1125 954 1167 988 ut
1187 947 1235 988 ad
1257 946 1542 1002 legislationem
1565 960 1657 988 can-

105 1017 305 1062 ddabnn
328 1017 422 1061 illud
443 1024 593 1074 septem
617 1017 900 1074 ellychniorum
923 1015 1094 1058 additum
1119 1015 1260 1068 luerit,
1294 1029 1367 1057 nec
1393 1029 1471 1057 non
1498 1021 1539 1056 et
1560 1015 1658 1057 tala-

105 1085 412 1131 mundetis
430 1091 581 1136 vestes,
614 1085 891 1138 tintinnabula,
923 1085 1096 1142 palliola,
1128 1085 1346 1142 epomidcs,
1381 1083 1487 1141 pilei,
1519 1083 1656 1135 baltei,

106 1154 306 1199 ποία-ιιι
328 1153 548 1211 lapillorum
574 1161 812 1206 contextus,
844 1154 1000 1210 cyathi,
1033 1153 1278 1205 mortariola,
1312 1153 1437 1206 labra,
1470 1152 1656 1203 turibula,

106 1221 251 1276 catini,
291 1221 581 1274 masmarbotb,
625 1221 699 1263 boc
721 1229 785 1264 est
804 1222 915 1275 cola,
958 1222 1164 1274 midicotb,
1197 1223 1283 1265 sive
1311 1221 1467 1279 cyathi,
1500 1221 1659 1263 macbo-

105 1291 219 1344 ιοιΙι,
243 1290 311 1348 qai
331 1297 423 1334 sunt
445 1290 578 1342 bases,
607 1298 646 1333 et
668 1305 936 1348 quaecumque
957 1291 1033 1333 alia
1059 1291 1125 1334 lex
1149 1291 1348 1342 edisserit,
1373 1291 1481 1333 velut
1502 1287 1657 1332 Cheru·

105 1359 212 1412 bini,
252 1367 294 1402 et
314 1359 352 1402 id
372 1373 500 1415 genus
524 1359 625 1412 alia,
669 1373 759 1401 arca
785 1359 1033 1412 testamenti,
1075 1367 1234 1411 vectes,
1267 1359 1480 1402 bumerarii
1503 1357 1654 1409 annuli,

103 1426 422 1479 ubam-cutum,
456 1427 569 1478 vela,
603 1428 725 1484 pelles
747 1427 995 1481 rubricatae,
1027 1442 1166 1480 ansae,
1198 1435 1238 1470 ct
1258 1427 1335 1470 alia
1360 1427 1396 1470 id
1423 1442 1566 1484 genus,
1599 1427 1656 1469 ia·

102 1494 277 1549 nitores,
309 1495 426 1539 tubae
447 1495 637 1548 ductiles,
670 1503 710 1538 ct
731 1496 942 1548 incurvae,
976 1505 1014 1539 et
1036 1511 1198 1548 aureae,
1231 1503 1462 1552 argenteae,
1495 1510 1653 1548 aereae,

102 1577 297 1618 corneae,
338 1564 414 1607 alia
450 1563 619 1620 denique
653 1579 704 1606 ex
729 1564 828 1621 legis
850 1567 1118 1622 praescripto,
1165 1566 1272 1608 velut
1301 1564 1584 1607 sacrificiorum
1615 1572 1654 1607 et

101 1632 388 1677 mutianum
410 1633 521 1676 varia
539 1647 714 1689 genera,
756 1649 856 1690 quac
877 1648 963 1676 cum
988 1634 1099 1676 initio
1124 1634 1294 1676 nondum
1318 1641 1479 1686 essent,
1523 1630 1655 1676 nonne

102 1709 307 1759 postquam
343 1701 500 1744 invecta
534 1709 651 1754 sunt,
694 1716 790 1745 suus
821 1710 885 1746 est
915 1703 1012 1745 ordo
1046 1703 1165 1745 rebus
1197 1703 1435 1745 attributus?
1504 1701 1653 1744 Eadem

102 1768 205 1814 ratio
234 1776 300 1812 est
319 1769 476 1813 ittomm
507 1771 556 1812 de
578 1770 718 1826 quibus
739 1772 942 1828 apostolus
965 1771 1146 1828 scripsit,
1178 1785 1280 1828 quae
1305 1771 1450 1813 tamdiu
1475 1772 1654 1814 obtinue-

101 1845 217 1892 rant,
257 1838 383 1883 donec
410 1839 643 1896 amplificata
680 1847 742 1881 est
775 1839 967 1892 ecclesia,
1010 1841 1136 1882 donec
1159 1854 1271 1882 suam
1294 1855 1342 1882 ac
1373 1840 1583 1896 legitimam
1606 1841 1655 1882 ad

100 1920 324 1951 ”usuum
352 1908 553 1964 pervenit,
597 1908 723 1950 donec
752 1909 930 1965 prudenti
953 1910 1118 1965 quadam
1142 1909 1413 1951 moderatione
1439 1908 1654 1952 iustissime

100 1982 164 2018 eat
181 1990 203 2017 a
224 1982 351 2032 patre,
376 1975 455 2018 lilio
475 1984 515 2018 et
533 1976 671 2033 spiritu
693 1984 832 2019 sancto
857 1984 1088 2032 temperata.
1132 1976 1198 2020 Ex
1217 1978 1357 2034 quibus
1381 1978 1491 2021 Ae'rii
1514 1978 1655 2035 dogma

101 2043 311 2087 refellitur.

212 2109 329 2168 Quod
353 2119 483 2156 antem
506 2127 585 2156 non
609 2114 710 2156 idem
733 2127 823 2157 esse
846 2115 972 2172 possit
999 2130 1086 2158 cum
1109 2116 1294 2173 episcopo
1319 2115 1551 2173 presbyter,
1596 2115 1655 2158 di-

98 2179 215 2224 vinus
254 2181 421 2239 apostoli
463 2195 598 2224 sermo
635 2182 832 2235 declarat,
877 2198 954 2239 quo
994 2185 1171 2240 quisnam
1212 2185 1446 2242 episcopus,
1490 2185 1655 2240 quisque

101 2248 311 2307 presbyter
343 2249 396 2292 ait
425 2250 671 2306 intelligitur.
731 2249 835 2293 Nam
866 2253 913 2294 ad
941 2251 1195 2296 Timotheum
1222 2254 1446 2311 episcopum
1474 2254 1655 2295 scribens

98 2316 150 2359 it·
186 2316 384 2375 loquiturz
429 2319 694 2371 Presbyterum
732 2334 780 2360 ne
818 2321 1020 2374 obiurges,
1063 2325 1134 2363 sed
1167 2324 1324 2363 hortare
1352 2324 1455 2364 velut
1485 2330 1646 2375 patrem.
1661 2332 1863 2367 1.·rtn.s.1.

15 2413 21 2443 1
98 2382 201 2440 Quid
219 2393 349 2430 autem
370 2387 561 2430 attinebat
583 2387 768 2444 episcopo
791 2395 943 2440 vetare,
977 2397 1018 2432 ut
1041 2404 1090 2432 ne
1114 2391 1387 2447 presbyterum
1410 2390 1652 2445 obiurgaret,

0 2640 37 2951 l

98 2453 173 2496 nisi
196 2454 382 2498 maiorem
411 2456 496 2512 ipso
531 2462 764 2512 potestatem
802 2457 1024 2500 obtineret?
1083 2457 1220 2514 Quare
1241 2458 1428 2514 deinceps
1451 2459 1651 2510 admonet,

96 2523 295 2565 Adventu
310 2526 574 2578 presbyterum
595 2528 671 2565 cilo
695 2529 972 2567 accusantem-m
991 2542 1039 2568 nc
1059 2530 1258 2568 admiseris
1271 2558 1282 2576 ,
1314 2530 1395 2568 πίει·
1410 2528 1556 2567 duobus
1579 2530 1651 2568 m·-
1685 2537 1761 2567 ntd.
1781 2539 1821 2569 ιι

97 2590 212 2632 leave
230 2594 402 2634 tectibus.
465 2591 559 2635 Non
580 2593 695 2635 alicui
724 2608 776 2635 ex
803 2594 1045 2651 presbyteris
1071 2596 1270 2652 praecepit
1296 2602 1333 2637 ut
1356 2596 1652 2638 accusationem

96 2665 232 2702 antra
257 2659 483 2717 episcopum
506 2676 584 2703 non
609 2662 857 2711 admitteret,
890 2670 957 2704 aut
980 2672 1020 2706 ut
1045 2665 1270 2720 episcopum
1299 2678 1375 2705 non
1404 2663 1649 2719 obiurgaret.

98 2723 271 2770 Videsne
294 2742 407 2785 quam
441 2745 519 2772 uon
552 2730 762 2772 mediocris
794 2730 898 2772 illius
929 2732 1040 2774 ruina
1071 2733 1148 2783 sit,
1191 2746 1304 2788 quein
1336 2731 1512 2774 diabolus
1543 2733 1651 2777 labe-

97 2794 284 2839 lactarit?

209 2862 289 2908 Sed
314 2865 482 2909 bominis
506 2868 653 2925 reliqua
681 2868 899 2910 videmnus.
965 2866 1145 2925 inprimis
1180 2870 1280 2925 quod
1313 2870 1359 2912 ad
1385 2867 1534 2913 Pascha
1561 2886 1648 2930 per·
1675 2874 1824 2920 cop-Vl·

11 2969 22 3022 J
94 2978 186 3012 edd.
209 2988 283 3012 nu.
307 2984 336 3013 et
357 2981 406 3013 ed.
428 2983 526 3022 mne.
939 2979 971 3015 7.
997 2980 1205 3028 κρισβῦτιρι
1224 2985 1282 3017 eod
1315 2985 1442 3026 Rhodia.

139 3022 172 3057 ti.
195 3025 346 3068 διψῶσι·
368 3024 427 3061 καὶ
450 3026 631 3071 κερατίναι.
938 3032 971 3061 e.
995 3028 1071 3072 πιρὶ
1100 3032 1221 3065 uncinis
1243 3034 1362 3065 notavit
1386 3032 1543 3066 retovina.
