2020 3276
394 216 578 253 rmum
599 215 756 251 mtmn.
780 217 890 251 ΤΟΜ.
914 217 940 249 Ι.
964 216 1096 250 HAER.
1114 216 1273 250 Lxxvr.
1521 202 1601 245 251

62 297 330 356 {parnei-it,
372 303 573 340 auctorem
604 310 648 338 se
681 310 728 338 ιο
755 296 997 339 conditorem
1031 296 1270 348 arbitretur,
1313 302 1353 337 et
1385 309 1407 337 ι
1437 293 1604 337 veritate

62 365 226 426 ,huna
257 365 432 408 excidat.
507 363 625 407 Licet
653 365 756 407 enim
789 363 985 407 Noenum
1017 365 1194 419 legamus
1230 365 1428 421 plantasse
1462 363 1599 413 vitem,
1638 379 1715 409 aa
1736 379 1764 406 a.

61 433 303 479 uentano
324 433 511 491 seriptum
543 442 606 475 est
628 433 762 489 stirpis
787 433 902 475 buius
932 432 1174 474 conditorem
1209 433 1313 474 illum
1343 432 1489 483 fuisse,
1536 431 1606 474 sed

62 501 140 547 b-
168 501 383 554 deuant,
429 505 499 543 l'n'r
531 509 638 552 erae,
683 501 833 557 inquit,
877 503 1065 554 agricola.
1127 499 1232 542 Nam
1268 501 1367 542 alius
1398 501 1516 542 estis
1542 499 1607 555 qui

64 570 208 617 ‘dmin
232 570 351 613 rebus
372 570 588 613 naturalem
612 570 691 612 vim
717 584 765 611 ae
791 570 999 626 praecipua
1021 582 1198 624 quaeque
1226 583 1295 625 pro
1318 584 1388 611 sua
1414 576 1606 626 potestate

61 637 252 696 tan-gitur,
290 638 393 682 atie·
423 638 487 695 qni
518 638 567 680 ab
600 638 685 695 ipso
715 645 758 679 ut
778 645 886 680 esset
917 638 1067 694 accepit
1095 637 1234 690 homo,
1280 638 1605 694 commissamque

61 706 206 751 §stati
228 706 370 750 eodem
388 706 665 764 agriculturam
691 705 888 763 suscepit,
921 712 964 748 nt
985 713 1023 747 et
1043 705 1107 747 ille
1129 719 1229 761 quae
1254 706 1302 747 ad
1326 706 1606 761 perlectionem

62 774 313 819 amada·-
348 775 665 832 progressionem
697 775 901 831 rcquirunt
930 774 1112 825 excolat,
1159 774 1286 815 ethic
1318 774 1484 815 conditis
1517 788 1538 815 a
1562 787 1607 815 se

62 842 416 900 *elargiendis
447 857 495 886 ea
522 857 621 900 quoe
652 843 843 886 eiusmodi
877 842 1106 885 accessione
1137 843 1307 898 gliscunt
1338 843 1385 884 ad
1409 842 1608 884 maturita-

63 918 145 964 te·
164 911 526 970 pet-sectionemque
550 912 752 968 perducat.
814 910 929 967 Quod
957 911 1110 967 quidem
1142 911 1302 968 perinde
1323 910 1363 951 in
1385 910 1607 952 animalium

63 979 331 1024 etv-tumn
355 993 528 1036 genere,
569 994 616 1022 ae
638 981 853 1037 pecudum,
898 987 1124 1036 serpentum
1153 980 1393 1037 pisciumque
1425 980 1604 1035 contigit.

63 1046 324 1092 Naue-nia
350 1047 541 1105 principio
569 1048 798 1105 imperantis
825 1047 886 1089 dei
918 1049 1121 1091 voluntate
1151 1049 1325 1105 perlecta
1361 1047 1607 1105 prodierunt,

65 1129 170 1160 nune
189 1123 320 1159 aate-
341 1115 516 1159 eiusdem
540 1116 758 1174 sapientiae
789 1116 949 1158 decreto
973 1117 1318 1173 progressionibus
1339 1117 1446 1168 suis,
1489 1123 1527 1157 et
1550 1116 1611 1158 in-

66 1185 279 1228 erementi·
312 1191 544 1240 augescunt.
606 1182 722 1240 Quod
753 1185 800 1226 ad
830 1185 1026 1237 bominis,
1069 1185 1133 1242 qni
1168 1185 1207 1227 in
1239 1193 1343 1227 terra
1371 1185 1607 1238 dominatur,

66 1252 234 1296 fruetu-
257 1251 376 1295 a‘nimi
410 1252 692 1308 utilitatemque
721 1253 911 1308 pertint-13
957 1268 1033 1309 quo
1058 1254 1093 1295 is
1114 1267 1306 1296 summum
1340 1253 1446 1295 illum
1477 1254 1608 1305 deum,

64 1335 87 1365 a
116 1335 197 1380 qne
232 1328 312 1363 tam
349 1321 499 1363 semina
532 1321 643 1378 ipsa,
692 1335 805 1378 quan·
843 1335 978 1363 eornm
1017 1322 1257 1364 incrementa
1293 1322 1609 1379 proficiscuntur,

64 1389 179 1432 den·
209 1403 258 1431 ae
288 1388 486 1431 dominnm
519 1398 725 1445 agnoscat.
793 1387 965 1431 Proinde
1001 1404 1266 1447 quaecumque
1294 1391 1334 1432 in
1357 1390 1469 1433 coelo
1501 1397 1608 1442 sunt,

64 1472 242 1516 qun-eque
274 1457 472 1501 bominum
505 1472 622 1500 manu
651 1473 728 1500 non
762 1466 971 1511 seruntur,
1014 1473 1060 1500 ιο
1085 1473 1211 1515 neque
1235 1459 1422 1515 gignunt,
1466 1472 1539 1500 nee
1563 1458 1612 1501 ab

64 1527 153 1571 elib
183 1526 421 1584 gignuntur,
471 1539 517 1567 ea
549 1527 647 1568 dens
677 1528 848 1583 perfecta
884 1527 1056 1583 reliquit.
1115 1526 1258 1583 Neque
1279 1527 1381 1569 enim
1421 1527 1612 1569 humanae

65 1602 220 1640 Dentes
249 1594 380 1638 damni
412 1607 467 1637 ex
497 1593 547 1636 iis
571 1595 715 1651 aliquid
749 1609 892 1652 capere
923 1603 1125 1652 poterant,
1170 1603 1236 1637 aut
1265 1596 1311 1636 ad
1345 1595 1612 1649 arrogantiam

65 1662 257 1716 udi-ui,
288 1670 333 1706 nt
361 1663 400 1705 in
423 1662 534 1714 sole,
577 1663 668 1705 luna
700 1663 922 1719 ceterisque
961 1664 1156 1706 sideribus
1187 1671 1364 1721 apparet.
1426 1662 1530 1706 Nam
1560 1677 1614 1706 ex

63 1745 117 1776 e·
138 1732 243 1790 qued
266 1731 357 1775 luna
384 1738 591 1783 nascatur,
639 1739 706 1774 ant
729 1733 959 1782 decrescat,
1001 1740 1267 1788 augeaturve,
1312 1733 1415 1775 nulla
1445 1732 1551 1774 illius
1575 1733 1614 1774 in

65 1813 199 1844 neres
224 1799 395 1843 mutatio
430 1799 635 1842 redundat.
699 1798 779 1842 lam
811 1815 910 1843 vero
941 1800 1008 1857 qni
1039 1801 1123 1843 fleri
1158 1808 1308 1857 potest,
1353 1809 1396 1843 ut
1425 1813 1615 1856 corporea

65 1867 133 1912 illa
154 1882 203 1912 ae
224 1867 467 1926 corruptioni
490 1868 667 1912 subiecta
695 1869 791 1911 deus
815 1869 981 1912 subinde
1008 1870 1182 1926 perlecta
1208 1870 1410 1912 voluntate
1435 1884 1504 1911 sua
1525 1883 1616 1926 pro·

65 1936 236 1990 merit,
281 1950 370 1980 eum
395 1949 516 1989 vero,
562 1950 675 1993 quem
699 1950 722 1978 e
747 1938 879 1995 seipso
898 1938 1057 1994 genuit,
1108 1953 1225 1980 unum
1250 1952 1304 1980 ex
1327 1953 1428 1990 uno,
1472 1938 1613 1994 quique

65 2004 168 2062 apud
189 2004 428 2048 existentem
457 2012 645 2062 perpetuo
669 2019 740 2062 per
763 2006 1060 2062 generationem
1082 2007 1254 2059 existat,
1297 2007 1540 2050 accessionis
1567 2021 1613 2048 ac

66 2071 360 2131 progressionis
385 2079 564 2129 egentem
589 2074 849 2129 produxerit?
909 2073 1058 2117 Desine
1079 2075 1222 2131 igitur,
1257 2076 1372 2127 Acti,
1416 2076 1615 2118 Aristote-

65 2140 163 2184 tic-a
197 2140 287 2184 illas
313 2147 402 2183 tuas
425 2154 546 2183 voces
576 2150 616 2183 et
636 2142 775 2184 inanes
805 2142 1033 2186 obtrudere.
1094 2142 1224 2186 Nobis
1248 2144 1351 2186 enim
1378 2145 1475 2186 citra
1497 2145 1614 2186 ullum

64 2209 215 2252 erroris
246 2208 461 2267 periculum
496 2209 715 2251 certissima
753 2208 903 2253 Christi
935 2212 1113 2254 doctrina
1149 2213 1314 2264 sufficit,
1358 2228 1444 2254 cum
1470 2213 1526 2254 ita
1559 2213 1615 2254 lo-

65 2277 219 2334 quitoet
251 2280 337 2332 Ego
355 2281 499 2319 ατε·ωά
511 2285 646 2332 patre,
679 2286 717 2319 et
738 2282 846 2320 vado.
909 2278 1035 2323 Cuius
1059 2280 1241 2323 dictionis
1266 2281 1325 2323 vis
1350 2295 1427 2322 non
1454 2280 1494 2322 in
1519 2280 1615 2322 abu-

64 2345 180 2392 ·ioue
203 2345 284 2390 nlla
308 2346 514 2398 consistit,
557 2346 626 2388 sed
663 2345 796 2389 divina
831 2347 1073 2404 perfectione
1105 2362 1151 2390 ιο
1179 2349 1368 2405 dignitate
1400 2349 1614 2406 praeditam

65 2421 243 2457 mura-
272 2415 483 2471 significat.

173 2482 283 2526 Aetii
310 2480 439 2539 Caput
461 2481 520 2525 X.
582 2480 627 2525 Si
656 2483 826 2539 perfecta
857 2483 909 2525 ait
935 2485 1068 2539 genita
1095 2485 1276 2537 soboles,
1324 2486 1458 2527 eadem
1483 2485 1521 2526 in
1554 2485 1613 2526 in-

64 2550 199 2607 genito
225 2550 326 2604 erit,
370 2565 449 2593 non
480 2565 534 2594 ex
565 2550 614 2593 iis
646 2564 745 2607 quae
778 2566 865 2593 cnm
891 2551 939 2594 ab
965 2553 1141 2608 ingenito
1170 2553 1399 2609 gigneretur
1427 2553 1610 2595 obtinuit.

0 2647 5 2673 g
63 2617 169 2663 Nn-
193 2620 327 2676 genita
360 2628 499 2663 natura
531 2620 570 2661 in
604 2619 778 2675 ingenita
811 2618 1031 2663 substantia
1068 2635 1158 2663 esse
1197 2636 1275 2664 non
1308 2628 1458 2678 potest3
1507 2629 1614 2663 esset

0 2690 6 2749 ξ
63 2688 167 2733 enin
190 2688 307 2731 simul
326 2687 451 2739 idem,
494 2696 533 2729 et
557 2702 634 2729 non
667 2694 788 2729 esset.
851 2686 955 2730 Nam
981 2690 1081 2745 qnod
1106 2689 1280 2744 genitum
1307 2696 1369 2732 est
1398 2690 1612 2745 ingenitum

0 2762 11 2786 '=
64 2768 143 2799 non
175 2764 258 2809 est,
301 2763 341 2798 et
372 2757 474 2812 qnod
499 2755 713 2812 ingenitum
740 2762 823 2806 est,
867 2756 1039 2811 genitum
1065 2771 1143 2799 non
1171 2757 1257 2799 fnit.
1319 2755 1473 2814 Quippe
1498 2757 1613 2799 dissi-

0 2853 9 2875 ,-
65 2823 194 2871 uilem
213 2824 380 2881 aliquam
403 2824 478 2867 deo
495 2831 644 2881 partem
667 2826 867 2879 affingere,
902 2824 1095 2867 maledicti
1114 2825 1153 2867 in
1176 2839 1263 2867 eum
1285 2838 1330 2867 ac
1354 2826 1612 2870 contumeliae

0 2886 9 2906 '²
66 2893 237 2950 speeiem
268 2893 455 2949 praefert.

114 3005 163 3040 1⁵.
189 3003 292 3042 αὐτοῦ
318 3008 438 3040 ”dilui
458 3017 498 3041 es·
515 3008 606 3041 codd.
631 3017 704 3041 uua.
754 3003 818 3042 eni-
915 3005 964 3040 16.
989 3004 1076 3043 κατὰ
1099 3004 1160 3051 τὴν
1183 3009 1303 3042 votem
1326 3009 1485 3044 petavius.

64 3049 132 3085 τόν
154 3052 306 3087 eduorum
328 3055 371 3084 eat
394 3053 514 3085 viuum.
915 3055 941 3087 1.
957 3050 995 3088 τὸ
1020 3063 1082 3086 non
1104 3056 1261 3096 comperet
1283 3055 1316 3088 in
1339 3057 1557 3098 superioribus.
