1976 3262
453 231 635 266 ranam}
659 231 744 264 Lm.
762 230 821 264 ΙΙΙ.
843 231 953 265 Tou.
973 232 998 265 t.
1022 230 1156 264 BAER.
1173 228 1286 263 Lxx.
1603 216 1656 259 27

108 310 383 371 ἠκονη-
414 310 480 368 qui
504 317 775 352 convenerant
802 310 1095 366 subscriptione
1123 310 1446 358 confirmaretur,
1487 305 1587 348 adeo
1617 311 1659 347 ut

108 378 437 437 Adoxpmfligato
454 377 751 436 venaaeomuibus
770 377 867 419 fides
887 391 933 420 ac
959 378 1115 418 sincera
1143 377 1459 433 praedicaretur:
1489 373 1656 415 alterum

110 446 185 493 Η
207 439 668 494 nmmdi'l’ascbans
696 446 744 487 ad
779 444 1050 487 stabiliendam
1077 451 1253 486 nostrum
1288 443 1460 485 omnium
1493 454 1660 484 concor·

109 513 212 561 ἃ..
234 514 442 557 cucuma
474 513 591 555 ratio.
654 511 885 569 iampridem
919 512 1048 563 enim,
1091 519 1133 553 et
1158 526 1181 554 a
1206 511 1340 568 primis
1365 523 1487 565 usque
1512 518 1661 566 tempo-

109 580 248 634 ἤδη.
288 581 423 625 variae
458 580 497 622 iu
525 581 693 623 ecclesia
727 581 776 622 dc
813 580 884 622 hac
908 579 1159 621 solemnitate
1189 578 1486 620 controversiae
1512 592 1559 619 ac
1582 577 1662 619 dis-

109 648 320 695 mauu
338 649 580 700 extiterunt,
613 662 714 704 quae
738 648 948 704 quotannis
974 648 1096 688 risum
1122 661 1167 687 ac
1194 646 1398 687 ludibrium
1422 645 1656 687 afferebant.

109 714 216 763 H·-
248 715 315 760 alii
337 716 504 773 quodam
540 716 804 758 contentionis
833 716 975 757 ardore
1009 722 1100 756 ante
1133 714 1436 764 hebdomadem,
1475 713 1540 754 alii
1573 720 1661 769 post

111 782 392 841 wado-t
415 783 590 835 inibant,
632 783 696 826 alii
721 783 1046 833 nineven-iebant,
1090 782 1154 823 alii
1190 782 1317 823 medio
1354 790 1552 836 tempore,
1594 779 1661 821 alii

110 859 312 911 mo
342 850 600 908 peragebant.
661 850 740 903 Et,
783 859 825 893 ut
857 865 935 892 nno
956 850 1078 891 verbo
1098 851 1247 900 dicam,
1287 849 1449 890 miritica
1472 849 1661 903 quaedam

110 925 262 966 ‘atet
278 918 474 961 laboriosa
501 919 757 975 perturbatio.
819 917 908 960 Nee
932 918 1023 960 illud
1056 917 1220 958 eruditis
1243 916 1462 958 hominibus
1486 916 1660 971 ignotum

110 994 200 1040 a..
235 1000 353 1044 qum
383 999 504 1043 saepe
533 985 704 1028 diversis
724 985 964 1042 temporibus
987 986 1035 1027 de
1066 986 1170 1026 illius
1194 984 1284 1026 sesti
1309 984 1537 1025 celebritate
1564 983 1662 1024 varii

112 1053 409 1101 Matieno
446 1054 679 1110 disciplinae
728 1054 915 1096 tumultus
956 1067 1003 1095 ac
1045 1054 1323 1095 contentiones
1363 1051 1527 1092 obortae
1566 1051 1661 1102 sint,

112 1122 346 1180 metim
369 1119 580 1178 Polycarpi
614 1137 661 1164 ac
697 1120 872 1164 Victoris
906 1128 1061 1172 aetate,
1105 1135 1193 1162 cum
1219 1117 1448 1162 Orientales
1477 1119 1526 1160 ab
1548 1117 1664 1161 Occi-

113 1189 336 1234 dentaliha
367 1188 508 1230 divulsi
543 1190 722 1245 pacificas
761 1203 782 1230 a
816 1203 860 1231 se
894 1188 1062 1231 invicem
1098 1189 1232 1230 literas
1265 1187 1391 1229 nullas
1420 1187 1661 1243 acciperent.

114 1255 233 1318 Qud
268 1257 370 1301 idem
409 1263 449 1297 ct
481 1256 570 1299 aliis
608 1257 847 1313 temporibus
883 1257 1048 1308 accidit3
1096 1256 1204 1299 velut
1232 1254 1453 1297 Alexandri
1490 1254 1663 1311 episcopi

112 1323 401 1375 Alexandrini,
434 1331 475 1365 et
495 1322 737 1375 Crescentii,
769 1325 1091 1380 quemadmodum
1114 1331 1251 1365 contra
1271 1337 1315 1365 se
1339 1329 1472 1364 mutuo
1495 1322 1666 1378 scripse·

112 1393 194 1435 rint
224 1399 265 1434 et
285 1392 479 1434 acerrime
509 1391 784 1448 pugnaverint.
848 1390 962 1447 Quae
995 1392 1149 1447 quidem
1180 1391 1397 1433 animorum
1422 1390 1667 1445 opinionum-

114 1473 190 1518 que
221 1460 449 1511 distractio,
492 1473 544 1501 ex
571 1475 648 1515 qno
682 1460 804 1501 semel
839 1466 926 1516 post
950 1460 1155 1516 episcopos
1181 1458 1269 1499 illos
1292 1459 1355 1514 qui
1386 1472 1439 1499 ex
1464 1457 1667 1499 circumci-

113 1529 230 1572 deae
249 1541 299 1571 ao
319 1524 551 1569 ludaeorum
573 1534 682 1569 secta
703 1528 750 1568 ad
774 1525 975 1570 Christum
999 1541 1090 1568 sese
1113 1532 1391 1567 converterant
1414 1525 1551 1580 agitari
1576 1538 1668 1566 coe-

113 1595 188 1653 pit.
216 1595 267 1639 ad
287 1602 424 1639 nostra
449 1608 574 1651 usque
597 1602 772 1651 tempora
797 1596 935 1636 eodem
959 1602 1021 1637 est
1038 1602 1177 1636 tenore
1202 1594 1403 1649 perducta.
1466 1591 1668 1648 Quamob-

114 1676 199 1715 η.
228 1663 295 1720 qni
327 1669 407 1706 tum
437 1662 487 1705 ad
522 1660 744 1712 meneutam
775 1664 968 1719 synodum
1013 1663 1182 1718 undique
1206 1661 1503 1711 confluxerant,
1537 1674 1581 1702 re
1602 1674 1668 1701 ac-

114 1737 251 1774 oente
282 1730 439 1788 cognita
475 1730 671 1772 communi
709 1731 756 1772 ab
788 1730 970 1772 omnibus
1002 1730 1235 1781 concordia,
1287 1737 1405 1784 atque
1440 1743 1493 1770 ex
1527 1728 1669 1769 idonea

114 1806 333 1857 ωορκ-πω
363 1799 655 1854 computatione
685 1805 725 1839 et
754 1798 928 1850 calculo,
961 1798 1237 1840 celebrandum
1269 1810 1360 1838 esse
1389 1802 1629 1838 statuerunt.

226 1865 401 1910 Audiaui
424 1879 522 1908 vero
541 1867 588 1907 ad
609 1865 828 1908 institutum
844 1880 956 1908 suum
979 1866 1169 1921 quandam
1193 1879 1246 1906 rx
1260 1864 1541 1921 Apostolorum
1563 1860 1670 1905 Con-

115 1933 322 1979 stitutione
344 1934 617 1976 auctoritatem
644 1935 956 1975 accommodant.
990 1931 1069 1988 Qui
1097 1933 1196 1974 liber
1220 1932 1373 1973 tametsi
1400 1931 1539 1972 dubiae
1571 1931 1669 1986 apud

114 2002 325 2046 meato·
359 2001 447 2044 fidei
481 2002 557 2053 sit,
603 2015 680 2043 non
709 2009 923 2043 esttamen
948 2001 1240 2057 improbandus,
1302 1998 1405 2041 Nam
1429 1999 1468 2040 in
1492 2013 1540 2040 eo
1569 2011 1667 2053 qnae

114 2070 166 2113 ad
201 2069 395 2112 sectatae
427 2068 671 2125 disciplinam
708 2069 878 2110 attinent
912 2069 1042 2110 omnia
1077 2068 1486 2124 comprehenduntur,
1543 2079 1669 2121 neque

115 2138 323 2195 quiequam
344 2144 412 2178 ant
447 2138 487 2178 in
526 2137 599 2178 lide
623 2150 671 2178 ac
692 2136 887 2179 catholica
911 2136 1160 2193 professione
1190 2137 1469 2192 depravatum,
1514 2141 1582 2175 aut
1606 2147 1671 2174 ec-

117 2205 264 2248 elesiae
285 2204 615 2248 administrationi
646 2218 692 2246 ac
725 2205 896 2246 decretis
917 2205 1158 2246 contrarium
1182 2204 1400 2245 continent.
1465 2202 1545 2244 Sed
1570 2202 1671 2256 quod

115 2274 163 2316 ad
183 2273 313 2316 locum
334 2273 442 2315 illum
463 2272 627 2323 attinet,
670 2273 772 2314 unde
796 2286 907 2314 suam
926 2273 974 2313 de
1000 2272 1184 2328 paschate
1209 2271 1445 2312 sententiam
1475 2270 1671 2310 affirmare

116 2347 333 2392 conantur,
376 2339 479 2382 hunc
501 2339 555 2380 illi
582 2353 785 2395 perperam
809 2340 1141 2396 interpretantur,
1186 2346 1225 2380 et
1249 2340 1295 2380 ad
1322 2338 1491 2379 alienum
1512 2351 1670 2378 sensum

117 2422 190 2466 pet·
219 2407 416 2451 inscitiam
454 2409 677 2449 traducunt.
741 2405 897 2448 Etenim
926 2408 1092 2463 apostoli
1124 2407 1162 2448 in
1191 2405 1255 2447 illa
1291 2404 1585 2448 Constitutione
1619 2404 1671 2445 ita

117 2474 330 2519 ‹tet-iunia
373 2473 482 2525 Vos,
515 2475 718 2531 inquiunt,
753 2481 968 2530 temporum
991 2475 1165 2516 rationes
1190 2488 1238 2515 ne
1260 2474 1488 2523 subducite,
1530 2472 1598 2512 sed
1623 2485 1671 2512 eo

119 2551 297 2601 tempore
322 2542 522 2586 oelehrate
555 2557 633 2598 quo
668 2544 811 2583 tratres
843 2541 966 2583 vestri
997 2542 1060 2598 qni
1093 2556 1146 2583 ex
1180 2541 1479 2583 circumcisione
1520 2539 1673 2595 prodie-

118 2617 236 2668 [ποις
277 2625 364 2653 cum
389 2610 438 2652 iis
456 2611 584 2665 itaque
608 2608 759 2651 Pascha
788 2610 979 2663 peragite.
1040 2608 1133 2651 Non
1162 2609 1427 2665 praecipiunt,
1461 2606 1554 2660 Quo
1576 2614 1672 2647 tem·

119 2692 216 2736 pore
249 2680 396 2721 tratres
428 2678 549 2719 vestri
582 2678 645 2733 qui
682 2678 719 2717 in
744 2676 1042 2718 circumcisione
1073 2684 1188 2728 sunt,
1234 2677 1301 2717 sed
1328 2673 1406 2729 Qui
1431 2688 1482 2715 ex
1505 2674 1672 2716 circum-

119 2745 271 2789 cisione
293 2746 548 2802 prodieruntg
590 2753 629 2787 nt
656 2746 742 2786 illos
769 2745 874 2799 ipsos
896 2745 1124 2795 declarent,
1158 2745 1220 2798 qui
1246 2745 1292 2784 ad
1318 2742 1527 2784 eeclesiam
1550 2757 1571 2783 a
1597 2741 1673 2783 cir-

120 2813 361 2857 cumcisione
388 2813 620 2855 transierint
643 2826 693 2854 ex
719 2826 768 2853 eo
784 2811 972 2867 deinceps
999 2818 1173 2867 tempore
1198 2812 1318 2852 duces
1340 2816 1380 2851 et
1402 2817 1586 2852 auctores
1617 2812 1675 2851 t'u-

121 2889 259 2934 turos,
292 2888 411 2937 utque
436 2882 481 2923 ad
509 2882 673 2922 aliorum
701 2878 973 2921 anctoritatem
996 2879 1256 2933 adiungerent
1281 2891 1394 2928 sese,
1430 2891 1478 2919 ne.
1504 2878 1569 2919 alii
1596 2877 1672 2918 atio

120 2955 297 3006 tempore
328 2950 549 2991 obeundum
586 2948 660 2989 sibi
691 2946 843 2989 Pascha
875 2946 1098 2986 crederent.
1163 2943 1276 2986 Hauc
1307 2945 1411 2986 enim
1437 2959 1591 2987 omnem
1618 2945 1673 2985 illi

119 3029 255 3060 euram
276 3030 323 3059 ac
345 3016 585 3073 diligentiam
613 3015 849 3072 impendisse
872 3014 1077 3064 videntur,
1122 3019 1159 3053 ut
1185 3026 1319 3069 pacem
1350 3026 1396 3055 ac
1421 3012 1671 3055 concordiam
