2020 3276
460 202 642 236 Panium
665 202 825 236 Lus-111.
848 203 959 236 Tou.
974 203 1000 236 1.
1024 203 1157 238 nnn.
1182 203 1343 236 LXXVI.
1594 194 1676 236 273

131 289 286 328 a—a·
306 296 356 326 ac
374 282 567 326 rationem
595 281 903 338 corruptibilium
928 283 1161 339 praesertim
1185 283 1384 324 hominum
1409 289 1591 339 superat,
1636 290 1679 324 ut

129 350 199 396 vd
221 350 370 395 invitus
397 351 483 409 ipse
513 350 722 393 confitetur
751 350 917 404 Ae’tius,
951 351 1139 393 stultitiae
1171 366 1248 393 non
1279 350 1521 393 adscribunt.

185 507 196 523 -’
238 486 349 532 Attii
373 485 504 545 Caput
522 485 647 530 XIX.
709 485 755 530 Si
778 487 942 544 ingeniti
974 502 1056 530 vox
1089 488 1347 543 privationem
1372 489 1412 530 in
1434 488 1508 531 deo
1530 487 1679 544 signifi·

127 562 216 610 ut,
247 555 421 613 nihilque
445 556 560 614 plane
582 556 636 598 sit
655 555 895 611 ingenitum,
937 570 1128 612 quae-nam
1155 556 1257 598 ratio
1284 556 1333 597 ab
1359 571 1430 608 eo,
1473 558 1574 613 quod
1600 571 1679 599 uon

126 631 213 678 ut,
251 624 347 668 nibil
378 624 504 682 possit
537 625 724 667 auferre?
781 622 855 667 Sin
888 625 1070 667 existens
1101 623 1294 680 quicpiam
1324 633 1461 676 sonat,
1507 625 1594 681 quis
1631 625 1679 667 ab

125 706 204 747 eo,
233 693 337 750 qnod
368 700 432 736 est
458 693 624 750 idipsum
655 693 757 750 quod
789 702 875 746 est,
921 693 995 736 boc
1033 700 1095 735 est
1123 692 1248 749 ipsum
1279 708 1301 735 a
1333 693 1570 750 semetipso,
1616 707 1680 735 se-

129 762 296 805 cernat?

241 827 407 873 Confut-
439 827 563 872 xlx.
626 828 661 871 1.
694 827 808 885 Quae
840 830 1035 887 privantia
1068 830 1285 872 dialecticis
1321 831 1595 882 nominantur,
1640 831 1680 872 in

128 897 299 943 ’odium
318 897 432 941 uobis
457 899 575 940 affert
599 898 768 950 Aetius,
810 906 852 941 et
875 899 922 941 ad
944 899 1006 942 dei
1029 898 1236 941 scientiam
1255 905 1373 955 atque
1396 899 1682 954 intelligentiae

128 967 299 1011 buna
332 966 501 1023 aliquem
542 968 759 1009 transferre
795 975 975 1010 conatur.
1050 965 1129 1010 Sed
1164 967 1258 1009 illud
1292 967 1471 1024 inprimis
1507 967 1679 1022 ignorat,

129 1035 271 1092 qdbus
295 1035 424 1078 rebus
462 1035 731 1092 significandis
768 1036 1002 1092 privationis
1031 1035 1264 1078 vocabulum
1298 1050 1321 1078 a
1344 1036 1583 1092 pbilosophis
1610 1036 1682 1077 im-

128 1103 299 1162 positu·
332 1103 400 1146 sit.
459 1102 604 1160 Neque
633 1103 738 1146 enim
769 1104 990 1161 privatione
1023 1104 1164 1147 affecta
1195 1105 1417 1162 promiscue
1443 1104 1519 1146 dici
1552 1105 1683 1147 omnia

130 1171 425 1215 dialecticorum
451 1172 612 1228 regulae
640 1172 862 1229 patiuntur,
908 1173 977 1215 sed
1001 1187 1049 1216 ea
1072 1173 1198 1215 solum
1231 1187 1331 1229 quae
1353 1180 1494 1215 natura
1516 1188 1587 1216 sua
1611 1173 1682 1215 ali-

129 1254 210 1298 qua
227 1254 276 1283 re
301 1240 478 1298 praedita
512 1247 621 1282 sunt.
682 1240 793 1283 Haec
819 1242 921 1284 enim
945 1256 1032 1284 cum
1059 1249 1225 1284 naturae
1255 1256 1351 1285 suae
1375 1242 1618 1284 contrarium
1641 1242 1681 1283 iu

130 1315 275 1352 statum
296 1309 506 1366 aliquando
528 1309 779 1365 redigantur,
811 1317 892 1352 tum
919 1311 1074 1352 demum
1101 1310 1248 1366 privari
1279 1311 1483 1364 dicuntur3
1516 1325 1680 1366 quorum

130 1390 229 1421 vern
246 1377 438 1420 naturalis
459 1377 525 1420 illa
547 1378 719 1419 conditio
740 1379 882 1421 mutari
907 1393 984 1420 non
1008 1386 1162 1435 potest,
1195 1379 1242 1421 ad
1265 1393 1313 1421 ea
1333 1394 1416 1421 vox
1436 1379 1512 1421 ista
1537 1393 1684 1434 nequa-

132 1459 250 1503 quam
268 1446 470 1488 convenit.
533 1444 593 1488 lta
619 1446 784 1503 lapidem
809 1461 925 1490 nemo
945 1461 1106 1489 caecum
1130 1446 1402 1504 appellaverit.
1466 1446 1555 1489 Hoc
1577 1447 1681 1489 enim

131 1513 364 1558 vocabulum
398 1514 434 1556 ei
459 1514 534 1556 soli
571 1514 755 1557 tribuitur
785 1516 849 1572 qui
876 1530 990 1572 quem
1018 1530 1041 1557 a
1069 1523 1209 1558 natura
1241 1516 1404 1558 sortitus
1435 1523 1497 1558 est
1525 1514 1684 1557 videndi

132 1595 294 1627 nusum
334 1582 535 1636 amiserit,
583 1583 638 1625 nti
683 1584 893 1637 volucres,
941 1585 1145 1637 homines,
1194 1585 1386 1640 pecudes,
1436 1597 1536 1640 quae
1576 1583 1681 1635 visu,

132 1665 247 1708 que-
279 1650 426 1694 babent
446 1665 469 1693 a
495 1658 658 1704 natura,
701 1653 865 1708 spoliata
899 1652 1092 1710 privativa
1130 1667 1229 1694 voce
1266 1667 1385 1695 caeca
1414 1652 1682 1694 nominantur.

131 1717 206 1764 Si«
235 1727 277 1763 et
304 1719 558 1772 iracundiae,
599 1720 664 1762 vel
694 1721 890 1773 malitiae,
932 1722 996 1764 vel
1027 1721 1198 1763 invidiae
1231 1721 1397 1778 lapidem
1433 1735 1549 1763 nemo
1581 1721 1685 1762 dicat

132 1794 363 1847 expertem,
410 1787 593 1844 quoniam
623 1789 671 1831 ad
709 1789 805 1831 haec
843 1796 983 1832 natura
1012 1790 1171 1832 minime
1201 1797 1449 1847 comparatus
1481 1796 1557 1832 est.
1619 1789 1685 1831 Ad

132 1856 332 1901 honi-e-
354 1871 478 1910 vero,
517 1858 605 1900 sive
633 1858 844 1915 pecudem,
887 1872 987 1914 quae
1010 1858 1238 1901 iracundiae
1262 1859 1419 1916 capacia
1440 1864 1555 1911 sunt,
1597 1872 1686 1899 cum

133 1938 182 1969 ea
204 1925 418 1978 carebunt,
464 1926 659 1982 privantia
685 1926 752 1969 illa
785 1927 944 1970 nomina
977 1928 1184 1970 transferri
1217 1934 1427 1984 poterunt,
1473 1929 1520 1970 ad
1551 1935 1685 1971 cetera

133 2007 217 2039 non
243 1993 355 2037 item.

250 2060 307 2105 ll.
366 2061 519 2105 Eodem
553 2063 669 2105 modo
691 2070 732 2106 et
755 2064 794 2106 in
815 2064 890 2106 deo
922 2064 1024 2107 istud
1050 2065 1318 2122 accipiendum
1347 2071 1423 2107 est.
1484 2065 1618 2122 Atque
1643 2073 1687 2108 ut

136 2130 185 2174 ad
207 2130 368 2174 Aetium
393 2140 528 2174 nostra
554 2139 810 2175 convertatur
838 2133 989 2185 oratio,
1030 2133 1125 2175 libet
1148 2133 1250 2176 bunc
1272 2134 1311 2175 in
1336 2133 1493 2175 modum
1515 2135 1686 2176 interro-

134 2212 247 2255 gare.
308 2198 384 2242 Dic
407 2200 552 2251 sodes,
595 2200 714 2252 Aen,
747 2199 978 2244 Utrumnam
1004 2202 1110 2244 illum
1132 2217 1220 2244 cum
1245 2202 1389 2244 ceteris
1416 2202 1596 2244 omuibus
1622 2202 1684 2257 qui

137 2268 273 2311 eadem
295 2282 318 2311 e
342 2268 559 2311 substantia
583 2283 660 2310 uon
685 2276 778 2311 sunt
802 2270 1020 2326 comparari
1043 2276 1156 2327 putas
1182 2284 1298 2327 posse
1313 2302 1324 2323 ,
1357 2284 1406 2311 an
1433 2285 1519 2312 cum
1543 2270 1591 2312 iis
1617 2284 1687 2311 an-

137 2350 346 2380 numerare
379 2351 458 2379 non
481 2336 664 2379 dubites?
723 2335 768 2379 Si
794 2337 832 2379 in
859 2338 1024 2381 aliorum
1055 2346 1209 2381 coetum
1233 2352 1516 2394 numerumque
1540 2339 1687 2380 retule-

135 2404 194 2448 ris
213 2404 278 2462 qui
303 2419 383 2448 non
406 2419 460 2449 ex
484 2405 608 2463 ipsius
639 2404 859 2448 substantia
887 2413 1005 2459 sunt,
1048 2407 1117 2448 sed
1140 2420 1163 2448 e
1187 2406 1307 2449 nihilo
1336 2421 1407 2463 per
1438 2420 1527 2449 eum
1550 2407 1612 2463 qui
1638 2406 1687 2449 ab

135 2473 307 2532 ipsomet
331 2474 546 2517 secundum
576 2473 833 2516 substantiam
866 2481 977 2517 ortus
1010 2482 1072 2517 est
1103 2475 1151 2517 ab
1181 2475 1248 2517 illo
1279 2474 1476 2531 procreati
1507 2482 1622 2527 suut,
1664 2487 1688 2516 a

138 2541 278 2599 quibua
300 2542 409 2586 solus
435 2542 670 2585 eximendus
689 2548 750 2583 est
773 2542 875 2584 lilius
900 2556 987 2585 cum
1013 2542 1153 2600 spiritu
1177 2550 1340 2594 sancto,
1374 2542 1438 2599 qui
1461 2556 1514 2585 ex
1539 2542 1689 2585 incom-

139 2610 325 2668 parabilis
350 2611 473 2669 patris
494 2618 533 2654 et
558 2609 748 2666 unigeniti
782 2610 868 2652 eius
900 2610 965 2652 lilii
987 2610 1205 2654 substantia
1230 2611 1444 2667 processit:
1490 2611 1523 2652 si
1552 2612 1600 2653 ad
1622 2624 1688 2653 ce-

139 2683 339 2734 terorum,
370 2680 551 2737 inquam,
584 2679 847 2721 conditionem
871 2677 1088 2731 abieceris,
1123 2679 1217 2721 nihil
1241 2679 1328 2720 fidei
1354 2678 1600 2735 professione
1623 2685 1686 2722 tua

141 2759 232 2791 ease
252 2754 382 2804 potest
402 2748 624 2791 absurdius.
687 2745 768 2802 Qui
788 2747 892 2789 enim
915 2761 1014 2789 unus
1039 2761 1091 2789 ex
1113 2747 1293 2789 omnibus
1317 2747 1416 2799 erit,
1449 2760 1472 2788 a
1497 2761 1574 2803 qno
1598 2754 1691 2790 sunt

142 2827 166 2858 o
187 2815 310 2859 nihilo
331 2824 471 2859 cuncta
495 2816 709 2874 producta?
768 2813 874 2857 Fieri
899 2814 990 2857 illud
1013 2816 1144 2870 utique
1170 2829 1247 2857 non
1270 2821 1423 2871 potest3
1456 2828 1584 2871 neque
1607 2822 1690 2858 tute

143 2953 314 2994 Pam,
349 2957 406 2986 cut
430 2951 694 2997 ἐναρῶμήσιιας
717 2962 776 2993 pro
800 2947 895 2994 α’ριὲ·
988 2950 1016 2986 7.
1043 2949 1144 2987 αὑτοῦ
1179 2954 1287 2985 vitium
1312 2956 1355 2986 est
1378 2954 1425 2986 ed.
1450 2952 1560 2987 Petav.
1584 2954 1691 2986 Οοιοπ.

145 2993 313 3041 adestne,
337 2999 420 3040 qued
439 3001 514 3040 puri
536 3001 603 3032 tun
628 3000 739 3032 licebit.
941 3001 1035 3039 repet.

989 3046 1021 3075 ὅ.
1050 3042 1247 3086 γεγέννηται
1268 3045 1336 3078 eod.
1360 3044 1487 3085 mdia.

214 3097 333 3135 Corpus
351 3097 532 3127 nure-eol.
551 3097 589 3126 n.
609 3099 635 3126 3.
1369 3104 1418 3145 ¹8
