<?xml version="1.0" encoding="UTF-8"?>
<!DOCTYPE html PUBLIC "-//W3C//DTD XHTML 1.0 Transitional//EN"
    "http://www.w3.org/TR/xhtml1/DTD/xhtml1-transitional.dtd">
<html xmlns="http://www.w3.org/1999/xhtml" xml:lang="en" lang="en">
 <head>
  <title>
</title>
<meta http-equiv="Content-Type" content="text/html;charset=utf-8" />
  <meta name='ocr-system' content='tesseract 3.04.00' />
  <meta name='ocr-capabilities' content='ocr_page ocr_carea ocr_par ocr_line ocrx_word'/>
</head>
<body>
  <div class='ocr_page' id='page_1' title='image "./corporishaereseo23epip_0241.png"; bbox 0 0 2020 3276; ppageno 0'>
   <div class='ocr_carea' id='block_1_1' title="bbox 455 211 1674 256">
    <p class='ocr_par' dir='ltr' id='par_1_1' title="bbox 455 211 1674 256">
     <span class='ocr_line' id='line_1_1' title="bbox 455 211 1674 256; baseline -0.002 0"><span class='ocrx_word' id='word_1_1' title='bbox 455 221 638 256; x_wconf 68' lang='lat' dir='ltr'>rmum</span> <span class='ocrx_word' id='word_1_2' title='bbox 661 221 746 255; x_wconf 77' lang='lat' dir='ltr'>Lm.</span> <span class='ocrx_word' id='word_1_3' title='bbox 767 221 826 254; x_wconf 90' lang='grc' dir='ltr'><strong>ιιι.</strong></span> <span class='ocrx_word' id='word_1_4' title='bbox 849 220 959 255; x_wconf 68' lang='lat' dir='ltr'>rom.</span> <span class='ocrx_word' id='word_1_5' title='bbox 978 221 1003 254; x_wconf 86' lang='lat'>1.</span> <span class='ocrx_word' id='word_1_6' title='bbox 1026 220 1162 254; x_wconf 73' lang='lat' dir='ltr'>men.</span> <span class='ocrx_word' id='word_1_7' title='bbox 1182 220 1342 255; x_wconf 71' lang='lat' dir='ltr'>Lxxvt.</span> <span class='ocrx_word' id='word_1_8' title='bbox 1590 211 1674 254; x_wconf 81' lang='lat'>229</span> 
     </span>
    </p>
   </div>
   <div class='ocr_carea' id='block_1_2' title="bbox 116 300 1679 425">
    <p class='ocr_par' dir='ltr' id='par_1_2' title="bbox 116 300 1679 425">
     <span class='ocr_line' id='line_1_2' title="bbox 116 300 1679 356; baseline -0.002 -13"><span class='ocrx_word' id='word_1_9' title='bbox 116 300 273 343; x_wconf 52' lang='lat' dir='ltr'>mla</span> <span class='ocrx_word' id='word_1_10' title='bbox 288 314 409 356; x_wconf 72' lang='lat' dir='ltr'>cupra</span> <span class='ocrx_word' id='word_1_11' title='bbox 434 309 576 342; x_wconf 76' lang='lat' dir='ltr'>montes</span> <span class='ocrx_word' id='word_1_12' title='bbox 598 303 759 350; x_wconf 73' lang='lat' dir='ltr'>arduos,</span> <span class='ocrx_word' id='word_1_13' title='bbox 792 303 845 342; x_wconf 81' lang='lat' dir='ltr'>ad</span> <span class='ocrx_word' id='word_1_14' title='bbox 866 303 1077 354; x_wconf 74' lang='lat' dir='ltr'><em>aquilonem</em></span> <span class='ocrx_word' id='word_1_15' title='bbox 1097 303 1294 341; x_wconf 71' lang='lat' dir='ltr'>ascendam</span> <span class='ocrx_word' id='word_1_16' title='bbox 1319 314 1437 354; x_wconf 79' lang='lat' dir='ltr'>supra</span> <span class='ocrx_word' id='word_1_17' title='bbox 1456 301 1573 342; x_wconf 72' lang='lat' dir='ltr'>nubea</span> <span class='ocrx_word' id='word_1_18' title='bbox 1585 331 1597 350; x_wconf 91' lang='lat'><strong>,</strong></span> <span class='ocrx_word' id='word_1_19' title='bbox 1639 308 1679 341; x_wconf 82' lang='lat' dir='ltr'>et</span> 
     </span>
     <span class='ocr_line' id='line_1_3' title="bbox 119 370 1676 425; baseline 0 -15"><span class='ocrx_word' id='word_1_20' title='bbox 119 379 192 410; x_wconf 58' lang='lat' dir='ltr'>m</span> <span class='ocrx_word' id='word_1_21' title='bbox 205 370 343 411; x_wconf 65' lang='lat' dir='ltr'>ciuilis</span> <span class='ocrx_word' id='word_1_22' title='bbox 362 371 570 411; x_wconf 67' lang='lat' dir='ltr'>altissimo:</span> <span class='ocrx_word' id='word_1_23' title='bbox 611 384 712 412; x_wconf 80' lang='lat' dir='ltr'>nune</span> <span class='ocrx_word' id='word_1_24' title='bbox 749 383 836 411; x_wconf 76' lang='lat' dir='ltr'>vero</span> <span class='ocrx_word' id='word_1_25' title='bbox 854 371 907 409; x_wconf 80' lang='lat' dir='ltr'>ad</span> <span class='ocrx_word' id='word_1_26' title='bbox 926 371 1070 423; x_wconf 77' lang='lat' dir='ltr'>inferos</span> <span class='ocrx_word' id='word_1_27' title='bbox 1095 371 1316 419; x_wconf 77' lang='lat' dir='ltr'><em>descendes,</em></span> <span class='ocrx_word' id='word_1_28' title='bbox 1361 371 1414 410; x_wconf 81' lang='lat' dir='ltr'>ad</span> <span class='ocrx_word' id='word_1_29' title='bbox 1422 371 1676 425; x_wconf 77' lang='lat' dir='ltr'>fundamenta</span> 
     </span>
    </p>
   </div>
   <div class='ocr_carea' id='block_1_3' title="bbox 112 442 446 507">
    <p class='ocr_par' dir='ltr' id='par_1_3' title="bbox 112 442 446 507">
     <span class='ocr_line' id='line_1_4' title="bbox 112 442 446 507; baseline 0 -26"><span class='ocrx_word' id='word_1_30' title='bbox 112 442 250 481; x_wconf 64' lang='lat' dir='ltr'>&#39;m</span> <span class='ocrx_word' id='word_1_31' title='bbox 275 443 354 482; x_wconf 69' lang='lat' dir='ltr'>etc.</span> <span class='ocrx_word' id='word_1_32' title='bbox 439 503 446 507; x_wconf 34' lang='lat'>=</span> 
     </span>
    </p>
   </div>
   <div class='ocr_carea' id='block_1_4' title="bbox 609 572 1188 608">
    <p class='ocr_par' dir='ltr' id='par_1_4' title="bbox 609 572 1188 608">
     <span class='ocr_line' id='line_1_5' title="bbox 609 572 1188 608; baseline -0.003 0"><span class='ocrx_word' id='word_1_33' title='bbox 609 573 845 608; x_wconf 66' lang='lat' dir='ltr'>tumetum*</span> <span class='ocrx_word' id='word_1_34' title='bbox 868 573 990 607; x_wconf 73' lang='lat' dir='ltr'>AETn</span> <span class='ocrx_word' id='word_1_35' title='bbox 1017 572 1188 607; x_wconf 63' lang='lat' dir='ltr'>cnm.</span> 
     </span>
    </p>
   </div>
   <div class='ocr_carea' id='block_1_5' title="bbox 108 640 1867 2961">
    <p class='ocr_par' dir='ltr' id='par_1_5' title="bbox 234 640 1671 700">
     <span class='ocr_line' id='line_1_6' title="bbox 234 640 1671 700; baseline -0.001 -13"><span class='ocrx_word' id='word_1_36' title='bbox 234 641 269 687; x_wconf 84' lang='grc'>1.</span> <span class='ocrx_word' id='word_1_37' title='bbox 302 641 349 687; x_wconf 81' lang='lat' dir='ltr'>Si</span> <span class='ocrx_word' id='word_1_38' title='bbox 372 643 571 700; x_wconf 76' lang='lat' dir='ltr'>ingenitus</span> <span class='ocrx_word' id='word_1_39' title='bbox 595 643 692 685; x_wconf 88' lang='lat' dir='ltr'>deus</span> <span class='ocrx_word' id='word_1_40' title='bbox 713 649 844 699; x_wconf 86' lang='lat' dir='ltr'>potest</span> <span class='ocrx_word' id='word_1_41' title='bbox 865 642 967 698; x_wconf 88' lang='lat' dir='ltr'>quod</span> <span class='ocrx_word' id='word_1_42' title='bbox 992 640 1167 697; x_wconf 87' lang='lat' dir='ltr'>genitum</span> <span class='ocrx_word' id='word_1_43' title='bbox 1190 649 1250 684; x_wconf 86' lang='lat' dir='ltr'>est</span> <span class='ocrx_word' id='word_1_44' title='bbox 1280 642 1495 698; x_wconf 84' lang='lat' dir='ltr'>ingenitum</span> <span class='ocrx_word' id='word_1_45' title='bbox 1523 643 1671 685; x_wconf 76' lang='lat' dir='ltr'>tacere.</span> 
     </span>
    </p>

    <p class='ocr_par' dir='ltr' id='par_1_6' title="bbox 110 709 1674 1112">
     <span class='ocr_line' id='line_1_7' title="bbox 233 709 1672 769; baseline -0.003 -12"><span class='ocrx_word' id='word_1_46' title='bbox 233 709 398 757; x_wconf 78' lang='lat' dir='ltr'>Gontut.</span> <span class='ocrx_word' id='word_1_47' title='bbox 429 711 461 755; x_wconf 91' lang='grc' dir='ltr'>Ι.</span> <span class='ocrx_word' id='word_1_48' title='bbox 510 711 693 769; x_wconf 74' lang='lat' dir='ltr'>inprimis</span> <span class='ocrx_word' id='word_1_49' title='bbox 726 724 817 752; x_wconf 84' lang='lat' dir='ltr'>esse</span> <span class='ocrx_word' id='word_1_50' title='bbox 858 710 1002 766; x_wconf 84' lang='lat' dir='ltr'>aliquid</span> <span class='ocrx_word' id='word_1_51' title='bbox 1038 709 1140 766; x_wconf 93' lang='lat' dir='ltr'>quod</span> <span class='ocrx_word' id='word_1_52' title='bbox 1183 710 1280 752; x_wconf 85' lang='lat' dir='ltr'>deus</span> <span class='ocrx_word' id='word_1_53' title='bbox 1324 712 1453 752; x_wconf 82' lang='lat' dir='ltr'>facere</span> <span class='ocrx_word' id='word_1_54' title='bbox 1488 719 1672 767; x_wconf 77' lang='lat' dir='ltr'>nequeat,</span> 
     </span>
     <span class='ocr_line' id='line_1_8' title="bbox 114 778 1674 838; baseline -0.003 -13"><span class='ocrx_word' id='word_1_55' title='bbox 114 779 276 838; x_wconf 56' lang='lat' dir='ltr'>hylu-</span> <span class='ocrx_word' id='word_1_56' title='bbox 302 787 366 824; x_wconf 82' lang='lat' dir='ltr'>est</span> <span class='ocrx_word' id='word_1_57' title='bbox 394 781 587 838; x_wconf 73' lang='lat' dir='ltr'>cogitare.</span> <span class='ocrx_word' id='word_1_58' title='bbox 637 778 687 822; x_wconf 87' lang='lat' dir='ltr'>Et</span> <span class='ocrx_word' id='word_1_59' title='bbox 705 779 859 836; x_wconf 86' lang='lat' dir='ltr'>quidem</span> <span class='ocrx_word' id='word_1_60' title='bbox 882 778 1026 834; x_wconf 82' lang='lat' dir='ltr'>aliquid</span> <span class='ocrx_word' id='word_1_61' title='bbox 1049 786 1110 821; x_wconf 89' lang='lat' dir='ltr'>est</span> <span class='ocrx_word' id='word_1_62' title='bbox 1131 779 1324 820; x_wconf 80' lang='lat' dir='ltr'>duntaxat</span> <span class='ocrx_word' id='word_1_63' title='bbox 1344 780 1445 834; x_wconf 89' lang='lat' dir='ltr'>quod</span> <span class='ocrx_word' id='word_1_64' title='bbox 1468 780 1580 822; x_wconf 89' lang='lat' dir='ltr'>deum</span> <span class='ocrx_word' id='word_1_65' title='bbox 1602 780 1674 822; x_wconf 88' lang='lat' dir='ltr'>mi-</span> 
     </span>
     <span class='ocr_line' id='line_1_9' title="bbox 110 847 1669 905; baseline -0.003 -11"><span class='ocrx_word' id='word_1_66' title='bbox 110 847 225 896; x_wconf 62' lang='lat' dir='ltr'>ubo</span> <span class='ocrx_word' id='word_1_67' title='bbox 243 849 407 903; x_wconf 65' lang='lat' dir='ltr'>dem-13</span> <span class='ocrx_word' id='word_1_68' title='bbox 441 849 519 892; x_wconf 90' lang='lat' dir='ltr'>non</span> <span class='ocrx_word' id='word_1_69' title='bbox 541 849 644 905; x_wconf 85' lang='lat' dir='ltr'>quod</span> <span class='ocrx_word' id='word_1_70' title='bbox 667 849 714 890; x_wconf 80' lang='lat' dir='ltr'>ad</span> <span class='ocrx_word' id='word_1_71' title='bbox 738 848 832 890; x_wconf 91' lang='lat' dir='ltr'>illud</span> <span class='ocrx_word' id='word_1_72' title='bbox 866 847 1085 889; x_wconf 78' lang='lat' dir='ltr'>faciendum</span> <span class='ocrx_word' id='word_1_73' title='bbox 1113 848 1209 890; x_wconf 81' lang='lat' dir='ltr'>satis</span> <span class='ocrx_word' id='word_1_74' title='bbox 1236 847 1375 890; x_wconf 82' lang='lat' dir='ltr'>virium</span> <span class='ocrx_word' id='word_1_75' title='bbox 1410 861 1487 889; x_wconf 91' lang='lat' dir='ltr'>non</span> <span class='ocrx_word' id='word_1_76' title='bbox 1513 847 1669 900; x_wconf 75' lang='lat' dir='ltr'>habeat,</span> 
     </span>
     <span class='ocr_line' id='line_1_10' title="bbox 110 915 1674 976; baseline -0.003 -14"><span class='ocrx_word' id='word_1_77' title='bbox 110 917 191 962; x_wconf 59' lang='lat' dir='ltr'>ted</span> <span class='ocrx_word' id='word_1_78' title='bbox 212 917 317 976; x_wconf 72' lang='lat' dir='ltr'>qued</span> <span class='ocrx_word' id='word_1_79' title='bbox 339 917 511 971; x_wconf 79' lang='lat' dir='ltr'>malitia,</span> <span class='ocrx_word' id='word_1_80' title='bbox 544 918 655 960; x_wconf 88' lang='lat' dir='ltr'>verbi</span> <span class='ocrx_word' id='word_1_81' title='bbox 674 917 823 974; x_wconf 83' lang='lat' dir='ltr'>gratia,</span> <span class='ocrx_word' id='word_1_82' title='bbox 857 917 988 969; x_wconf 88' lang='lat' dir='ltr'>deum,</span> <span class='ocrx_word' id='word_1_83' title='bbox 1021 916 1084 958; x_wconf 91' lang='lat' dir='ltr'>cui</span> <span class='ocrx_word' id='word_1_84' title='bbox 1111 916 1205 958; x_wconf 90' lang='lat' dir='ltr'>nihil</span> <span class='ocrx_word' id='word_1_85' title='bbox 1229 915 1469 973; x_wconf 89' lang='lat' dir='ltr'>impossibile</span> <span class='ocrx_word' id='word_1_86' title='bbox 1492 925 1568 967; x_wconf 85' lang='grc' dir='ltr'><strong>εει,</strong></span> <span class='ocrx_word' id='word_1_87' title='bbox 1602 916 1674 958; x_wconf 89' lang='lat' dir='ltr'>mi·</span> 
     </span>
     <span class='ocr_line' id='line_1_11' title="bbox 119 985 1674 1043; baseline -0.002 -12"><span class='ocrx_word' id='word_1_88' title='bbox 119 987 227 1031; x_wconf 65' lang='lat' dir='ltr'>&#39;wi-e</span> <span class='ocrx_word' id='word_1_89' title='bbox 254 987 417 1040; x_wconf 72' lang='lat' dir='ltr'>deceat3</span> <span class='ocrx_word' id='word_1_90' title='bbox 461 999 510 1029; x_wconf 85' lang='lat' dir='ltr'>eo</span> <span class='ocrx_word' id='word_1_91' title='bbox 531 987 632 1043; x_wconf 92' lang='lat' dir='ltr'>quod</span> <span class='ocrx_word' id='word_1_92' title='bbox 655 986 798 1028; x_wconf 84' lang='lat' dir='ltr'>malum</span> <span class='ocrx_word' id='word_1_93' title='bbox 831 999 947 1027; x_wconf 86' lang='lat' dir='ltr'>omne</span> <span class='ocrx_word' id='word_1_94' title='bbox 978 985 1134 1027; x_wconf 77' lang='lat' dir='ltr'>divinae</span> <span class='ocrx_word' id='word_1_95' title='bbox 1170 985 1274 1026; x_wconf 88' lang='lat' dir='ltr'>illius</span> <span class='ocrx_word' id='word_1_96' title='bbox 1297 998 1344 1027; x_wconf 82' lang='lat' dir='ltr'>ac</span> <span class='ocrx_word' id='word_1_97' title='bbox 1378 986 1674 1042; x_wconf 82' lang='lat' dir='ltr'>potentissimae</span> 
     </span>
     <span class='ocr_line' id='line_1_12' title="bbox 114 1050 1326 1112; baseline -0.005 -12"><span class='ocrx_word' id='word_1_98' title='bbox 114 1050 301 1109; x_wconf 57' lang='lat' dir='ltr'>bonnam</span> <span class='ocrx_word' id='word_1_99' title='bbox 332 1054 484 1112; x_wconf 79' lang='lat' dir='ltr'>ipsique</span> <span class='ocrx_word' id='word_1_100' title='bbox 515 1056 614 1097; x_wconf 90' lang='lat' dir='ltr'>adeo</span> <span class='ocrx_word' id='word_1_101' title='bbox 644 1054 709 1111; x_wconf 89' lang='lat' dir='ltr'>qui</span> <span class='ocrx_word' id='word_1_102' title='bbox 742 1054 868 1096; x_wconf 90' lang='lat' dir='ltr'>bonus</span> <span class='ocrx_word' id='word_1_103' title='bbox 899 1061 958 1096; x_wconf 86' lang='lat' dir='ltr'>est</span> <span class='ocrx_word' id='word_1_104' title='bbox 989 1053 1228 1110; x_wconf 70' lang='lat' dir='ltr'>impossibiie</span> <span class='ocrx_word' id='word_1_105' title='bbox 1259 1053 1326 1095; x_wconf 89' lang='lat' dir='ltr'>sit.</span> 
     </span>
    </p>

    <p class='ocr_par' dir='ltr' id='par_1_7' title="bbox 108 1120 1867 2961">
     <span class='ocr_line' id='line_1_13' title="bbox 229 1120 1672 1179; baseline -0.001 -12"><span class='ocrx_word' id='word_1_106' title='bbox 229 1120 445 1168; x_wconf 79' lang='lat' dir='ltr'>Praeterea</span> <span class='ocrx_word' id='word_1_107' title='bbox 460 1156 472 1176; x_wconf 89' lang='lat'>,</span> <span class='ocrx_word' id='word_1_108' title='bbox 503 1122 538 1165; x_wconf 86' lang='grc' dir='ltr'><strong>εἰ</strong></span> <span class='ocrx_word' id='word_1_109' title='bbox 559 1123 660 1179; x_wconf 85' lang='lat' dir='ltr'>qnod</span> <span class='ocrx_word' id='word_1_110' title='bbox 684 1123 827 1165; x_wconf 76' lang='lat' dir='ltr'>lactum</span> <span class='ocrx_word' id='word_1_111' title='bbox 848 1137 894 1164; x_wconf 79' lang='lat' dir='ltr'>ac</span> <span class='ocrx_word' id='word_1_112' title='bbox 916 1122 1090 1178; x_wconf 86' lang='lat' dir='ltr'>genitum</span> <span class='ocrx_word' id='word_1_113' title='bbox 1115 1129 1176 1164; x_wconf 83' lang='lat' dir='ltr'>est</span> <span class='ocrx_word' id='word_1_114' title='bbox 1196 1121 1412 1178; x_wconf 86' lang='lat' dir='ltr'>ingenitum</span> <span class='ocrx_word' id='word_1_115' title='bbox 1435 1122 1543 1164; x_wconf 81' lang='lat' dir='ltr'>reddi</span> <span class='ocrx_word' id='word_1_116' title='bbox 1571 1123 1672 1165; x_wconf 78' lang='lat' dir='ltr'>facto</span> 
     </span>
     <span class='ocr_line' id='line_1_14' title="bbox 119 1190 1672 1251; baseline -0.002 -15"><span class='ocrx_word' id='word_1_117' title='bbox 119 1192 206 1251; x_wconf 78' lang='lat' dir='ltr'>ipeo</span> <span class='ocrx_word' id='word_1_118' title='bbox 231 1191 374 1236; x_wconf 83' lang='lat' dir='ltr'>bonum</span> <span class='ocrx_word' id='word_1_119' title='bbox 402 1191 591 1234; x_wconf 83' lang='lat' dir='ltr'>iudicaret</span> <span class='ocrx_word' id='word_1_120' title='bbox 616 1192 735 1242; x_wconf 85' lang='lat' dir='ltr'>deus,</span> <span class='ocrx_word' id='word_1_121' title='bbox 779 1205 904 1247; x_wconf 87' lang='lat' dir='ltr'>neque</span> <span class='ocrx_word' id='word_1_122' title='bbox 939 1198 1068 1232; x_wconf 80' lang='lat' dir='ltr'>tamen</span> <span class='ocrx_word' id='word_1_123' title='bbox 1092 1190 1196 1232; x_wconf 88' lang='lat' dir='ltr'>istud</span> <span class='ocrx_word' id='word_1_124' title='bbox 1222 1191 1313 1232; x_wconf 92' lang='lat' dir='ltr'>boni</span> <span class='ocrx_word' id='word_1_125' title='bbox 1348 1190 1448 1233; x_wconf 90' lang='lat' dir='ltr'>bene</span> <span class='ocrx_word' id='word_1_126' title='bbox 1482 1191 1672 1248; x_wconf 80' lang='lat' dir='ltr'>perlicere</span> 
     </span>
     <span class='ocr_line' id='line_1_15' title="bbox 119 1258 1673 1319; baseline -0.001 -16"><span class='ocrx_word' id='word_1_127' title='bbox 119 1267 275 1319; x_wconf 72' lang='lat' dir='ltr'>posset,</span> <span class='ocrx_word' id='word_1_128' title='bbox 319 1267 397 1302; x_wconf 87' lang='lat' dir='ltr'>tum</span> <span class='ocrx_word' id='word_1_129' title='bbox 431 1261 583 1303; x_wconf 87' lang='lat' dir='ltr'>demum</span> <span class='ocrx_word' id='word_1_130' title='bbox 618 1267 851 1315; x_wconf 77' lang='lat' dir='ltr'>praepotens</span> <span class='ocrx_word' id='word_1_131' title='bbox 874 1259 938 1300; x_wconf 91' lang='lat' dir='ltr'>ille</span> <span class='ocrx_word' id='word_1_132' title='bbox 959 1259 1055 1301; x_wconf 82' lang='lat' dir='ltr'>deus</span> <span class='ocrx_word' id='word_1_133' title='bbox 1087 1258 1236 1300; x_wconf 85' lang='lat' dir='ltr'>viribus</span> <span class='ocrx_word' id='word_1_134' title='bbox 1264 1259 1475 1301; x_wconf 87' lang='lat' dir='ltr'>destitutus</span> <span class='ocrx_word' id='word_1_135' title='bbox 1501 1274 1591 1302; x_wconf 83' lang='lat' dir='ltr'>esse</span> <span class='ocrx_word' id='word_1_136' title='bbox 1616 1260 1673 1301; x_wconf 85' lang='lat' dir='ltr'>vi·</span> 
     </span>
     <span class='ocr_line' id='line_1_16' title="bbox 119 1328 1672 1385; baseline -0.001 -13"><span class='ocrx_word' id='word_1_137' title='bbox 119 1329 303 1382; x_wconf 78' lang='lat' dir='ltr'>deretur3</span> <span class='ocrx_word' id='word_1_138' title='bbox 348 1329 412 1385; x_wconf 89' lang='lat' dir='ltr'>qui</span> <span class='ocrx_word' id='word_1_139' title='bbox 435 1329 535 1385; x_wconf 87' lang='lat' dir='ltr'>quod</span> <span class='ocrx_word' id='word_1_140' title='bbox 568 1329 833 1385; x_wconf 68' lang='lat' dir='ltr'>praestantius</span> <span class='ocrx_word' id='word_1_141' title='bbox 857 1334 918 1369; x_wconf 89' lang='lat' dir='ltr'>est</span> <span class='ocrx_word' id='word_1_142' title='bbox 941 1328 1067 1369; x_wconf 89' lang='lat' dir='ltr'>moliri</span> <span class='ocrx_word' id='word_1_143' title='bbox 1090 1328 1252 1383; x_wconf 81' lang='lat' dir='ltr'>cupiens</span> <span class='ocrx_word' id='word_1_144' title='bbox 1276 1342 1516 1384; x_wconf 79' lang='lat' dir='ltr'>nequaquam</span> <span class='ocrx_word' id='word_1_145' title='bbox 1540 1336 1672 1385; x_wconf 84' lang='lat' dir='ltr'>posset</span> 
     </span>
     <span class='ocr_line' id='line_1_17' title="bbox 117 1395 1670 1455; baseline -0.001 -15"><span class='ocrx_word' id='word_1_146' title='bbox 117 1397 293 1455; x_wconf 60' lang='lat' dir='ltr'>exequi.</span> <span class='ocrx_word' id='word_1_147' title='bbox 354 1395 505 1439; x_wconf 85' lang='lat' dir='ltr'>Verum</span> <span class='ocrx_word' id='word_1_148' title='bbox 542 1411 628 1439; x_wconf 88' lang='lat' dir='ltr'>cum</span> <span class='ocrx_word' id='word_1_149' title='bbox 663 1404 703 1438; x_wconf 87' lang='lat' dir='ltr'>et</span> <span class='ocrx_word' id='word_1_150' title='bbox 737 1397 838 1452; x_wconf 87' lang='lat' dir='ltr'>quod</span> <span class='ocrx_word' id='word_1_151' title='bbox 874 1396 1088 1451; x_wconf 80' lang='lat' dir='ltr'>ingenitum</span> <span class='ocrx_word' id='word_1_152' title='bbox 1117 1403 1181 1438; x_wconf 89' lang='lat' dir='ltr'>est</span> <span class='ocrx_word' id='word_1_153' title='bbox 1214 1396 1359 1438; x_wconf 88' lang='lat' dir='ltr'>bonnm</span> <span class='ocrx_word' id='word_1_154' title='bbox 1391 1397 1464 1447; x_wconf 89' lang='lat' dir='ltr'>sit,</span> <span class='ocrx_word' id='word_1_155' title='bbox 1507 1403 1547 1437; x_wconf 88' lang='lat' dir='ltr'>et</span> <span class='ocrx_word' id='word_1_156' title='bbox 1568 1397 1670 1453; x_wconf 85' lang='lat' dir='ltr'>quod</span> 
     </span>
     <span class='ocr_line' id='line_1_18' title="bbox 115 1464 1672 1524; baseline -0.001 -16"><span class='ocrx_word' id='word_1_157' title='bbox 115 1466 291 1524; x_wconf 67' lang='lat' dir='ltr'>genitum</span> <span class='ocrx_word' id='word_1_158' title='bbox 315 1472 378 1508; x_wconf 76' lang='lat' dir='ltr'>est</span> <span class='ocrx_word' id='word_1_159' title='bbox 399 1479 471 1507; x_wconf 78' lang='lat' dir='ltr'>auo</span> <span class='ocrx_word' id='word_1_160' title='bbox 499 1465 538 1507; x_wconf 93' lang='lat' dir='ltr'>in</span> <span class='ocrx_word' id='word_1_161' title='bbox 564 1465 701 1507; x_wconf 78' lang='lat' dir='ltr'>ordine</span> <span class='ocrx_word' id='word_1_162' title='bbox 728 1465 827 1506; x_wconf 89' lang='lat' dir='ltr'>bene</span> <span class='ocrx_word' id='word_1_163' title='bbox 855 1465 906 1507; x_wconf 88' lang='lat' dir='ltr'>sit</span> <span class='ocrx_word' id='word_1_164' title='bbox 929 1464 1128 1520; x_wconf 86' lang='lat' dir='ltr'>genitum,</span> <span class='ocrx_word' id='word_1_165' title='bbox 1161 1466 1343 1521; x_wconf 81' lang='lat' dir='ltr'>quonium</span> <span class='ocrx_word' id='word_1_166' title='bbox 1364 1465 1584 1519; x_wconf 76' lang='lat' dir='ltr'>genitarum</span> <span class='ocrx_word' id='word_1_167' title='bbox 1610 1479 1672 1507; x_wconf 89' lang='lat' dir='ltr'>re-</span> 
     </span>
     <span class='ocr_line' id='line_1_19' title="bbox 116 1533 1671 1590; baseline -0.002 -12"><span class='ocrx_word' id='word_1_168' title='bbox 116 1546 203 1578; x_wconf 74' lang='lat' dir='ltr'>mm</span> <span class='ocrx_word' id='word_1_169' title='bbox 234 1534 408 1577; x_wconf 81' lang='lat' dir='ltr'>conditio</span> <span class='ocrx_word' id='word_1_170' title='bbox 434 1534 536 1576; x_wconf 83' lang='lat' dir='ltr'>bona</span> <span class='ocrx_word' id='word_1_171' title='bbox 560 1541 622 1575; x_wconf 87' lang='lat' dir='ltr'>est</span> <span class='ocrx_word' id='word_1_172' title='bbox 641 1541 679 1575; x_wconf 88' lang='lat' dir='ltr'>et</span> <span class='ocrx_word' id='word_1_173' title='bbox 702 1548 722 1574; x_wconf 84' lang='lat' dir='ltr'>a</span> <span class='ocrx_word' id='word_1_174' title='bbox 746 1533 848 1575; x_wconf 87' lang='lat' dir='ltr'>bono</span> <span class='ocrx_word' id='word_1_175' title='bbox 871 1534 946 1575; x_wconf 85' lang='lat' dir='ltr'>deo</span> <span class='ocrx_word' id='word_1_176' title='bbox 970 1535 1168 1590; x_wconf 75' lang='lat' dir='ltr'>profecta,</span> <span class='ocrx_word' id='word_1_177' title='bbox 1211 1547 1286 1575; x_wconf 88' lang='lat' dir='ltr'>uec</span> <span class='ocrx_word' id='word_1_178' title='bbox 1308 1533 1425 1574; x_wconf 81' lang='lat' dir='ltr'>aliter</span> <span class='ocrx_word' id='word_1_179' title='bbox 1448 1536 1496 1575; x_wconf 76' lang='lat' dir='ltr'>ab</span> <span class='ocrx_word' id='word_1_180' title='bbox 1515 1548 1564 1575; x_wconf 86' lang='lat' dir='ltr'>eo</span> <span class='ocrx_word' id='word_1_181' title='bbox 1588 1534 1671 1589; x_wconf 88' lang='lat' dir='ltr'>ipso</span> 
     </span>
     <span class='ocr_line' id='line_1_20' title="bbox 114 1602 1671 1659; baseline -0.001 -13"><span class='ocrx_word' id='word_1_182' title='bbox 114 1602 332 1656; x_wconf 65' lang='lat' dir='ltr'>indicatur,</span> <span class='ocrx_word' id='word_1_183' title='bbox 364 1616 560 1659; x_wconf 83' lang='lat' dir='ltr'>nunquam</span> <span class='ocrx_word' id='word_1_184' title='bbox 584 1602 651 1644; x_wconf 91' lang='lat' dir='ltr'>ille</span> <span class='ocrx_word' id='word_1_185' title='bbox 672 1603 772 1658; x_wconf 92' lang='lat' dir='ltr'>quod</span> <span class='ocrx_word' id='word_1_186' title='bbox 796 1602 995 1658; x_wconf 78' lang='lat' dir='ltr'>praeclare</span> <span class='ocrx_word' id='word_1_187' title='bbox 1019 1602 1192 1658; x_wconf 87' lang='lat' dir='ltr'>genitum</span> <span class='ocrx_word' id='word_1_188' title='bbox 1215 1610 1274 1643; x_wconf 87' lang='grc' dir='ltr'>εει</span> <span class='ocrx_word' id='word_1_189' title='bbox 1298 1602 1514 1657; x_wconf 86' lang='lat' dir='ltr'>ingenitum</span> <span class='ocrx_word' id='word_1_190' title='bbox 1541 1604 1671 1644; x_wconf 77' lang='lat' dir='ltr'>facere</span> 
     </span>
     <span class='ocr_line' id='line_1_21' title="bbox 108 1670 1670 1729; baseline -0.003 -14"><span class='ocrx_word' id='word_1_191' title='bbox 108 1671 244 1726; x_wconf 66' lang='grc' dir='ltr'><strong>ὟοΙοις</strong></span> <span class='ocrx_word' id='word_1_192' title='bbox 275 1671 587 1729; x_wconf 83' lang='lat' dir='ltr'>quandoquidem</span> <span class='ocrx_word' id='word_1_193' title='bbox 607 1671 660 1712; x_wconf 82' lang='lat' dir='ltr'>ita</span> <span class='ocrx_word' id='word_1_194' title='bbox 679 1684 724 1712; x_wconf 89' lang='lat' dir='ltr'>se</span> <span class='ocrx_word' id='word_1_195' title='bbox 748 1684 830 1712; x_wconf 90' lang='lat' dir='ltr'>rem</span> <span class='ocrx_word' id='word_1_196' title='bbox 854 1671 999 1712; x_wconf 74' lang='lat' dir='ltr'>babere</span> <span class='ocrx_word' id='word_1_197' title='bbox 1017 1671 1166 1726; x_wconf 19' lang='lat' dir='ltr'>‘bonum</span> <span class='ocrx_word' id='word_1_198' title='bbox 1187 1684 1278 1712; x_wconf 87' lang='lat' dir='ltr'>esse</span> <span class='ocrx_word' id='word_1_199' title='bbox 1300 1670 1400 1712; x_wconf 89' lang='lat' dir='ltr'>idem</span> <span class='ocrx_word' id='word_1_200' title='bbox 1420 1670 1486 1712; x_wconf 91' lang='lat' dir='ltr'>ille</span> <span class='ocrx_word' id='word_1_201' title='bbox 1510 1684 1670 1727; x_wconf 83' lang='lat' dir='ltr'>persua-</span> 
     </span>
     <span class='ocr_line' id='line_1_22' title="bbox 112 1738 1667 1796; baseline -0.002 -13"><span class='ocrx_word' id='word_1_202' title='bbox 112 1752 202 1784; x_wconf 72' lang='lat' dir='ltr'>eun</span> <span class='ocrx_word' id='word_1_203' title='bbox 235 1738 367 1783; x_wconf 74' lang='lat' dir='ltr'>babet.</span> <span class='ocrx_word' id='word_1_204' title='bbox 436 1739 704 1796; x_wconf 74' lang='lat' dir='ltr'>Quamobrem</span> <span class='ocrx_word' id='word_1_205' title='bbox 748 1754 834 1782; x_wconf 82' lang='lat' dir='ltr'>cum</span> <span class='ocrx_word' id='word_1_206' title='bbox 866 1739 958 1781; x_wconf 90' lang='lat' dir='ltr'>boni</span> <span class='ocrx_word' id='word_1_207' title='bbox 994 1740 1167 1781; x_wconf 90' lang='lat' dir='ltr'>conditio</span> <span class='ocrx_word' id='word_1_208' title='bbox 1197 1739 1303 1781; x_wconf 91' lang='lat' dir='ltr'>nullo</span> <span class='ocrx_word' id='word_1_209' title='bbox 1334 1739 1449 1781; x_wconf 88' lang='lat' dir='ltr'>modo</span> <span class='ocrx_word' id='word_1_210' title='bbox 1479 1746 1667 1791; x_wconf 86' lang='lat' dir='ltr'>mutetur,</span> 
     </span>
     <span class='ocr_line' id='line_1_23' title="bbox 112 1808 1668 1866; baseline -0.001 -14"><span class='ocrx_word' id='word_1_211' title='bbox 112 1821 192 1852; x_wconf 72' lang='lat' dir='ltr'>non</span> <span class='ocrx_word' id='word_1_212' title='bbox 216 1808 318 1866; x_wconf 75' lang='lat' dir='ltr'>quod</span> <span class='ocrx_word' id='word_1_213' title='bbox 341 1808 379 1851; x_wconf 89' lang='lat' dir='ltr'>id</span> <span class='ocrx_word' id='word_1_214' title='bbox 399 1808 454 1851; x_wconf 90' lang='lat' dir='ltr'>illi</span> <span class='ocrx_word' id='word_1_215' title='bbox 479 1808 719 1866; x_wconf 86' lang='lat' dir='ltr'>impossibile</span> <span class='ocrx_word' id='word_1_216' title='bbox 740 1808 813 1860; x_wconf 86' lang='lat' dir='ltr'>sit,</span> <span class='ocrx_word' id='word_1_217' title='bbox 858 1808 927 1850; x_wconf 81' lang='lat' dir='ltr'>sed</span> <span class='ocrx_word' id='word_1_218' title='bbox 954 1809 1055 1863; x_wconf 88' lang='lat' dir='ltr'>quod</span> <span class='ocrx_word' id='word_1_219' title='bbox 1080 1808 1181 1850; x_wconf 89' lang='lat' dir='ltr'>bene</span> <span class='ocrx_word' id='word_1_220' title='bbox 1206 1808 1254 1850; x_wconf 84' lang='lat' dir='ltr'>ad</span> <span class='ocrx_word' id='word_1_221' title='bbox 1281 1821 1368 1849; x_wconf 89' lang='lat' dir='ltr'>eum</span> <span class='ocrx_word' id='word_1_222' title='bbox 1394 1809 1549 1850; x_wconf 89' lang='lat' dir='ltr'>modum</span> <span class='ocrx_word' id='word_1_223' title='bbox 1574 1822 1668 1850; x_wconf 80' lang='lat' dir='ltr'>con-</span> 
     </span>
     <span class='ocr_line' id='line_1_24' title="bbox 113 1876 1667 1933; baseline -0.001 -13"><span class='ocrx_word' id='word_1_224' title='bbox 113 1877 248 1920; x_wconf 72' lang='lat' dir='ltr'>nituta</span> <span class='ocrx_word' id='word_1_225' title='bbox 270 1877 347 1931; x_wconf 78' lang='lat' dir='ltr'>ait,</span> <span class='ocrx_word' id='word_1_226' title='bbox 388 1876 515 1919; x_wconf 84' lang='lat' dir='ltr'>bonus</span> <span class='ocrx_word' id='word_1_227' title='bbox 537 1878 670 1933; x_wconf 91' lang='lat' dir='ltr'>utique</span> <span class='ocrx_word' id='word_1_228' title='bbox 693 1879 818 1919; x_wconf 73' lang='lat' dir='ltr'>tactus</span> <span class='ocrx_word' id='word_1_229' title='bbox 838 1891 860 1918; x_wconf 85' lang='lat' dir='ltr'>a</span> <span class='ocrx_word' id='word_1_230' title='bbox 881 1877 987 1918; x_wconf 88' lang='lat' dir='ltr'>nullo</span> <span class='ocrx_word' id='word_1_231' title='bbox 1009 1877 1106 1919; x_wconf 88' lang='lat' dir='ltr'>deus</span> <span class='ocrx_word' id='word_1_232' title='bbox 1128 1884 1214 1929; x_wconf 86' lang='lat' dir='ltr'>est,</span> <span class='ocrx_word' id='word_1_233' title='bbox 1261 1876 1360 1918; x_wconf 76' lang='lat' dir='ltr'>bona</span> <span class='ocrx_word' id='word_1_234' title='bbox 1384 1876 1533 1928; x_wconf 89' lang='lat' dir='ltr'>itidem,</span> <span class='ocrx_word' id='word_1_235' title='bbox 1567 1891 1667 1933; x_wconf 79' lang='lat' dir='ltr'>quae</span> 
     </span>
     <span class='ocr_line' id='line_1_25' title="bbox 113 1944 1663 2002; baseline -0.001 -14"><span class='ocrx_word' id='word_1_236' title='bbox 113 1945 163 1989; x_wconf 84' lang='lat' dir='ltr'>ab</span> <span class='ocrx_word' id='word_1_237' title='bbox 182 1957 233 1988; x_wconf 84' lang='lat' dir='ltr'>eo</span> <span class='ocrx_word' id='word_1_238' title='bbox 253 1953 347 1989; x_wconf 84' lang='lat' dir='ltr'>aunt</span> <span class='ocrx_word' id='word_1_239' title='bbox 368 1946 408 1988; x_wconf 91' lang='lat' dir='ltr'>in</span> <span class='ocrx_word' id='word_1_240' title='bbox 430 1945 568 1988; x_wconf 85' lang='lat' dir='ltr'>ordine</span> <span class='ocrx_word' id='word_1_241' title='bbox 590 1960 663 1988; x_wconf 84' lang='lat' dir='ltr'>suo</span> <span class='ocrx_word' id='word_1_242' title='bbox 689 1947 807 1998; x_wconf 77' lang='lat' dir='ltr'>facta,</span> <span class='ocrx_word' id='word_1_243' title='bbox 840 1945 994 1987; x_wconf 85' lang='lat' dir='ltr'>tametsi</span> <span class='ocrx_word' id='word_1_244' title='bbox 1016 1944 1179 2000; x_wconf 82' lang='lat' dir='ltr'>ingeniti</span> <span class='ocrx_word' id='word_1_245' title='bbox 1201 1945 1461 2002; x_wconf 75' lang='lat' dir='ltr'>appellatione</span> <span class='ocrx_word' id='word_1_246' title='bbox 1487 1953 1663 1988; x_wconf 75' lang='lat' dir='ltr'>careant.</span> 
     </span>
     <span class='ocr_line' id='line_1_26' title="bbox 112 2011 1665 2071; baseline -0.002 -12"><span class='ocrx_word' id='word_1_247' title='bbox 112 2011 207 2059; x_wconf 82' lang='lat' dir='ltr'>Non</span> <span class='ocrx_word' id='word_1_248' title='bbox 230 2013 334 2056; x_wconf 79' lang='lat' dir='ltr'>enim</span> <span class='ocrx_word' id='word_1_249' title='bbox 361 2021 516 2056; x_wconf 80' lang='lat' dir='ltr'>creatos</span> <span class='ocrx_word' id='word_1_250' title='bbox 538 2014 634 2057; x_wconf 80' lang='lat' dir='ltr'>deos</span> <span class='ocrx_word' id='word_1_251' title='bbox 658 2014 853 2067; x_wconf 84' lang='lat' dir='ltr'>condidit,</span> <span class='ocrx_word' id='word_1_252' title='bbox 885 2021 927 2056; x_wconf 88' lang='grc' dir='ltr'>ιιι</span> <span class='ocrx_word' id='word_1_253' title='bbox 948 2014 1112 2055; x_wconf 81' lang='lat' dir='ltr'>alterum</span> <span class='ocrx_word' id='word_1_254' title='bbox 1138 2028 1223 2056; x_wconf 90' lang='lat' dir='ltr'>cum</span> <span class='ocrx_word' id='word_1_255' title='bbox 1250 2013 1375 2055; x_wconf 85' lang='lat' dir='ltr'>altero</span> <span class='ocrx_word' id='word_1_256' title='bbox 1400 2022 1665 2071; x_wconf 81' lang='lat' dir='ltr'>comparatum</span> 
     </span>
     <span class='ocr_line' id='line_1_27' title="bbox 113 2081 1665 2141; baseline -0.001 -16"><span class='ocrx_word' id='word_1_257' title='bbox 113 2082 374 2141; x_wconf 68' lang='lat' dir='ltr'>appellatione</span> <span class='ocrx_word' id='word_1_258' title='bbox 392 2081 477 2139; x_wconf 81' lang='lat' dir='ltr'>ipsa</span> <span class='ocrx_word' id='word_1_259' title='bbox 496 2082 713 2139; x_wconf 79' lang='lat' dir='ltr'>superioris</span> <span class='ocrx_word' id='word_1_260' title='bbox 735 2097 853 2140; x_wconf 77' lang='lat' dir='ltr'>supra</span> <span class='ocrx_word' id='word_1_261' title='bbox 875 2082 1102 2125; x_wconf 83' lang='lat' dir='ltr'>inferiorem</span> <span class='ocrx_word' id='word_1_262' title='bbox 1125 2083 1417 2134; x_wconf 78' lang='lat' dir='ltr'>excellentiam,</span> <span class='ocrx_word' id='word_1_263' title='bbox 1441 2097 1542 2139; x_wconf 81' lang='lat' dir='ltr'>quae</span> <span class='ocrx_word' id='word_1_264' title='bbox 1563 2082 1665 2124; x_wconf 80' lang='lat' dir='ltr'>nulla</span> 
     </span>
     <span class='ocr_line' id='line_1_28' title="bbox 113 2149 1665 2210; baseline -0.001 -15"><span class='ocrx_word' id='word_1_265' title='bbox 113 2150 373 2210; x_wconf 75' lang='lat' dir='ltr'>appellatione</span> <span class='ocrx_word' id='word_1_266' title='bbox 409 2151 685 2207; x_wconf 83' lang='lat' dir='ltr'>comprehendi</span> <span class='ocrx_word' id='word_1_267' title='bbox 720 2158 871 2207; x_wconf 86' lang='lat' dir='ltr'>potest,</span> <span class='ocrx_word' id='word_1_268' title='bbox 915 2151 1102 2193; x_wconf 84' lang='lat' dir='ltr'>obscuret</span> <span class='ocrx_word' id='word_1_269' title='bbox 1136 2159 1176 2193; x_wconf 86' lang='lat' dir='ltr'>et</span> <span class='ocrx_word' id='word_1_270' title='bbox 1209 2151 1435 2207; x_wconf 82' lang='lat' dir='ltr'>extinguat.</span> <span class='ocrx_word' id='word_1_271' title='bbox 1496 2149 1601 2194; x_wconf 78' lang='lat' dir='ltr'>Nam</span> <span class='ocrx_word' id='word_1_272' title='bbox 1632 2152 1665 2193; x_wconf 86' lang='lat' dir='ltr'>si</span> 
     </span>
     <span class='ocr_line' id='line_1_29' title="bbox 113 2219 1666 2271; baseline -0.001 -9"><span class='ocrx_word' id='word_1_273' title='bbox 113 2219 210 2263; x_wconf 75' lang='lat' dir='ltr'>dena</span> <span class='ocrx_word' id='word_1_274' title='bbox 231 2219 333 2262; x_wconf 86' lang='lat' dir='ltr'>alter</span> <span class='ocrx_word' id='word_1_275' title='bbox 354 2232 377 2261; x_wconf 90' lang='lat' dir='ltr'>a</span> <span class='ocrx_word' id='word_1_276' title='bbox 403 2219 508 2261; x_wconf 87' lang='lat' dir='ltr'>nullo</span> <span class='ocrx_word' id='word_1_277' title='bbox 534 2220 659 2262; x_wconf 74' lang='lat' dir='ltr'>laetus</span> <span class='ocrx_word' id='word_1_278' title='bbox 684 2220 784 2261; x_wconf 87' lang='lat' dir='ltr'>alter</span> <span class='ocrx_word' id='word_1_279' title='bbox 805 2221 929 2262; x_wconf 77' lang='lat' dir='ltr'>factus</span> <span class='ocrx_word' id='word_1_280' title='bbox 955 2227 1034 2271; x_wconf 86' lang='lat' dir='ltr'>est,</span> <span class='ocrx_word' id='word_1_281' title='bbox 1066 2234 1152 2262; x_wconf 85' lang='lat' dir='ltr'>cum</span> <span class='ocrx_word' id='word_1_282' title='bbox 1176 2220 1278 2262; x_wconf 78' lang='lat' dir='ltr'>nulla</span> <span class='ocrx_word' id='word_1_283' title='bbox 1302 2220 1354 2261; x_wconf 87' lang='lat' dir='ltr'>sit</span> <span class='ocrx_word' id='word_1_284' title='bbox 1379 2220 1484 2261; x_wconf 89' lang='lat' dir='ltr'>inter</span> <span class='ocrx_word' id='word_1_285' title='bbox 1504 2227 1666 2261; x_wconf 80' lang='lat' dir='ltr'>naturas</span> 
     </span>
     <span class='ocr_line' id='line_1_30' title="bbox 113 2287 1666 2345; baseline -0.001 -14"><span class='ocrx_word' id='word_1_286' title='bbox 113 2287 358 2341; x_wconf 71' lang='lat' dir='ltr'>communio,</span> <span class='ocrx_word' id='word_1_287' title='bbox 405 2287 488 2329; x_wconf 74' lang='lat' dir='ltr'>fieri</span> <span class='ocrx_word' id='word_1_288' title='bbox 527 2301 605 2329; x_wconf 92' lang='lat' dir='ltr'>non</span> <span class='ocrx_word' id='word_1_289' title='bbox 650 2294 781 2345; x_wconf 78' lang='lat' dir='ltr'>potest</span> <span class='ocrx_word' id='word_1_290' title='bbox 818 2294 861 2330; x_wconf 87' lang='lat' dir='ltr'>ut</span> <span class='ocrx_word' id='word_1_291' title='bbox 889 2289 1102 2331; x_wconf 74' lang='lat' dir='ltr'>secundum</span> <span class='ocrx_word' id='word_1_292' title='bbox 1141 2295 1319 2330; x_wconf 75' lang='lat' dir='ltr'>naturam</span> <span class='ocrx_word' id='word_1_293' title='bbox 1363 2288 1531 2330; x_wconf 87' lang='lat' dir='ltr'>nominis</span> <span class='ocrx_word' id='word_1_294' title='bbox 1562 2288 1666 2330; x_wconf 85' lang='lat' dir='ltr'>illius</span> 
     </span>
     <span class='ocr_line' id='line_1_31' title="bbox 111 2355 1663 2414; baseline -0.003 -14"><span class='ocrx_word' id='word_1_295' title='bbox 111 2355 341 2414; x_wconf 67' lang='lat' dir='ltr'>(lignitatem</span> <span class='ocrx_word' id='word_1_296' title='bbox 362 2370 607 2399; x_wconf 87' lang='lat' dir='ltr'>communem</span> <span class='ocrx_word' id='word_1_297' title='bbox 630 2356 794 2409; x_wconf 77' lang='lat' dir='ltr'>habeat,</span> <span class='ocrx_word' id='word_1_298' title='bbox 827 2356 900 2398; x_wconf 87' lang='lat' dir='ltr'>nisi</span> <span class='ocrx_word' id='word_1_299' title='bbox 926 2357 1028 2398; x_wconf 76' lang='lat' dir='ltr'>forte</span> <span class='ocrx_word' id='word_1_300' title='bbox 1053 2356 1244 2399; x_wconf 77' lang='lat' dir='ltr'>abusione</span> <span class='ocrx_word' id='word_1_301' title='bbox 1267 2358 1430 2413; x_wconf 78' lang='lat' dir='ltr'>quodam</span> <span class='ocrx_word' id='word_1_302' title='bbox 1457 2363 1496 2396; x_wconf 89' lang='lat' dir='ltr'>et</span> <span class='ocrx_word' id='word_1_303' title='bbox 1521 2356 1663 2411; x_wconf 76' lang='lat' dir='ltr'>gratia,</span> 
     </span>
     <span class='ocr_line' id='line_1_32' title="bbox 112 2424 1666 2483; baseline -0.002 -15"><span class='ocrx_word' id='word_1_304' title='bbox 112 2424 188 2468; x_wconf 83' lang='lat' dir='ltr'>boe</span> <span class='ocrx_word' id='word_1_305' title='bbox 209 2431 269 2468; x_wconf 79' lang='lat' dir='ltr'>eet</span> <span class='ocrx_word' id='word_1_306' title='bbox 292 2425 588 2483; x_wconf 77' lang='lat' dir='ltr'>participatione</span> <span class='ocrx_word' id='word_1_307' title='bbox 612 2425 800 2480; x_wconf 80' lang='lat' dir='ltr'>quadam,</span> <span class='ocrx_word' id='word_1_308' title='bbox 833 2424 916 2466; x_wconf 80' lang='lat' dir='ltr'>lieri</span> <span class='ocrx_word' id='word_1_309' title='bbox 941 2424 1092 2467; x_wconf 75' lang='lat' dir='ltr'>dicotur</span> <span class='ocrx_word' id='word_1_310' title='bbox 1114 2433 1154 2467; x_wconf 90' lang='lat' dir='ltr'>ut</span> <span class='ocrx_word' id='word_1_311' title='bbox 1179 2425 1368 2467; x_wconf 83' lang='lat' dir='ltr'>eiusmodi</span> <span class='ocrx_word' id='word_1_312' title='bbox 1391 2424 1581 2466; x_wconf 79' lang='lat' dir='ltr'>beneflcio</span> <span class='ocrx_word' id='word_1_313' title='bbox 1607 2426 1666 2465; x_wconf 90' lang='lat' dir='ltr'>in-</span> 
     </span>
     <span class='ocr_line' id='line_1_33' title="bbox 114 2491 1665 2549; baseline -0.001 -12"><span class='ocrx_word' id='word_1_314' title='bbox 114 2493 300 2537; x_wconf 74' lang='lat' dir='ltr'>terion-em</span> <span class='ocrx_word' id='word_1_315' title='bbox 336 2494 446 2536; x_wconf 79' lang='lat' dir='ltr'>dives</span> <span class='ocrx_word' id='word_1_316' title='bbox 479 2493 635 2536; x_wconf 74' lang='lat' dir='ltr'>afficiat.</span> <span class='ocrx_word' id='word_1_317' title='bbox 696 2491 801 2535; x_wconf 78' lang='lat' dir='ltr'>Nam</span> <span class='ocrx_word' id='word_1_318' title='bbox 836 2492 901 2534; x_wconf 87' lang='lat' dir='ltr'>ille</span> <span class='ocrx_word' id='word_1_319' title='bbox 933 2493 1086 2549; x_wconf 85' lang='lat' dir='ltr'>quidem</span> <span class='ocrx_word' id='word_1_320' title='bbox 1113 2493 1187 2535; x_wconf 85' lang='lat' dir='ltr'>sibi</span> <span class='ocrx_word' id='word_1_321' title='bbox 1222 2507 1416 2549; x_wconf 73' lang='lat' dir='ltr'>nunquam</span> <span class='ocrx_word' id='word_1_322' title='bbox 1448 2492 1665 2549; x_wconf 80' lang='lat' dir='ltr'>superioris</span> 
     </span>
     <span class='ocr_line' id='line_1_34' title="bbox 112 2560 1664 2620; baseline -0.001 -16"><span class='ocrx_word' id='word_1_323' title='bbox 112 2574 256 2605; x_wconf 84' lang='lat' dir='ltr'>nomen</span> <span class='ocrx_word' id='word_1_324' title='bbox 275 2561 520 2620; x_wconf 77' lang='lat' dir='ltr'>imposuerit,</span> <span class='ocrx_word' id='word_1_325' title='bbox 555 2569 595 2604; x_wconf 90' lang='lat' dir='ltr'>ut</span> <span class='ocrx_word' id='word_1_326' title='bbox 619 2561 682 2617; x_wconf 89' lang='lat' dir='ltr'>qui</span> <span class='ocrx_word' id='word_1_327' title='bbox 704 2575 747 2603; x_wconf 87' lang='lat' dir='ltr'>sc</span> <span class='ocrx_word' id='word_1_328' title='bbox 771 2560 818 2602; x_wconf 84' lang='lat' dir='ltr'>ab</span> <span class='ocrx_word' id='word_1_329' title='bbox 842 2560 906 2603; x_wconf 85' lang='lat' dir='ltr'>illa</span> <span class='ocrx_word' id='word_1_330' title='bbox 929 2569 1092 2604; x_wconf 80' lang='lat' dir='ltr'>naturae</span> <span class='ocrx_word' id='word_1_331' title='bbox 1114 2563 1303 2618; x_wconf 80' lang='lat' dir='ltr'>dignitate</span> <span class='ocrx_word' id='word_1_332' title='bbox 1325 2561 1664 2617; x_wconf 78' lang='lat' dir='ltr'>appellationeque</span> 
     </span>
     <span class='ocr_line' id='line_1_35' title="bbox 113 2627 1665 2688; baseline -0.001 -15"><span class='ocrx_word' id='word_1_333' title='bbox 113 2629 282 2673; x_wconf 78' lang='lat' dir='ltr'>alienum</span> <span class='ocrx_word' id='word_1_334' title='bbox 308 2645 469 2688; x_wconf 75' lang='lat' dir='ltr'>prorsus</span> <span class='ocrx_word' id='word_1_335' title='bbox 493 2630 699 2685; x_wconf 79' lang='lat' dir='ltr'>intelligat.</span> <span class='ocrx_word' id='word_1_336' title='bbox 762 2627 870 2672; x_wconf 85' lang='lat' dir='ltr'>Sane</span> <span class='ocrx_word' id='word_1_337' title='bbox 894 2630 1010 2682; x_wconf 90' lang='lat' dir='ltr'>illud,</span> <span class='ocrx_word' id='word_1_338' title='bbox 1053 2644 1077 2671; x_wconf 95' lang='lat' dir='ltr'>o</span> <span class='ocrx_word' id='word_1_339' title='bbox 1103 2631 1221 2681; x_wconf 66' lang='lat' dir='ltr'>Aeli,</span> <span class='ocrx_word' id='word_1_340' title='bbox 1268 2631 1408 2670; x_wconf 84' lang='lat' dir='ltr'>merito</span> <span class='ocrx_word' id='word_1_341' title='bbox 1433 2629 1500 2671; x_wconf 83' lang='lat' dir='ltr'>tibi</span> <span class='ocrx_word' id='word_1_342' title='bbox 1523 2629 1665 2685; x_wconf 75' lang='lat' dir='ltr'>aliquis</span> 
     </span>
     <span class='ocr_line' id='line_1_36' title="bbox 110 2695 1867 2754; baseline 0.001 -13"><span class='ocrx_word' id='word_1_343' title='bbox 110 2698 326 2752; x_wconf 78' lang='lat' dir='ltr'>obiecerit,</span> <span class='ocrx_word' id='word_1_344' title='bbox 358 2703 461 2742; x_wconf 75' lang='lat' dir='ltr'>Deus</span> <span class='ocrx_word' id='word_1_345' title='bbox 479 2707 566 2741; x_wconf 79' lang='lat' dir='ltr'>emt</span> <span class='ocrx_word' id='word_1_346' title='bbox 583 2700 750 2750; x_wconf 82' lang='lat' dir='ltr'>verbum,</span> <span class='ocrx_word' id='word_1_347' title='bbox 783 2711 926 2754; x_wconf 82' lang='lat' dir='ltr'>neque,</span> <span class='ocrx_word' id='word_1_348' title='bbox 961 2695 1134 2741; x_wconf 85' lang='lat' dir='ltr'>Verbum</span> <span class='ocrx_word' id='word_1_349' title='bbox 1158 2699 1253 2740; x_wconf 82' lang='lat' dir='ltr'>deus</span> <span class='ocrx_word' id='word_1_350' title='bbox 1278 2701 1418 2740; x_wconf 74' lang='lat' dir='ltr'>laetum</span> <span class='ocrx_word' id='word_1_351' title='bbox 1441 2706 1516 2740; x_wconf 87' lang='lat' dir='ltr'>est.</span> <span class='ocrx_word' id='word_1_352' title='bbox 1563 2695 1661 2753; x_wconf 81' lang='lat' dir='ltr'>Qui·</span> <span class='ocrx_word' id='word_1_353' title='bbox 1679 2711 1782 2742; x_wconf 80' lang='grc' dir='ltr'><strong>ιοιιιι.</strong></span> <span class='ocrx_word' id='word_1_354' title='bbox 1796 2713 1823 2748; x_wconf 85' lang='lat'>1,</span> <span class='ocrx_word' id='word_1_355' title='bbox 1843 2711 1867 2742; x_wconf 82' lang='grc' dir='ltr'>ι.</span> 
     </span>
     <span class='ocr_line' id='line_1_37' title="bbox 113 2766 1666 2822; baseline -0.001 -11"><span class='ocrx_word' id='word_1_356' title='bbox 113 2779 202 2811; x_wconf 76' lang='lat' dir='ltr'>nem</span> <span class='ocrx_word' id='word_1_357' title='bbox 243 2781 340 2811; x_wconf 86' lang='lat' dir='ltr'>vero</span> <span class='ocrx_word' id='word_1_358' title='bbox 377 2768 659 2811; x_wconf 76' lang='lat' dir='ltr'>nobilissimam</span> <span class='ocrx_word' id='word_1_359' title='bbox 700 2766 996 2822; x_wconf 76' lang='lat' dir='ltr'>appellationem</span> <span class='ocrx_word' id='word_1_360' title='bbox 1028 2775 1167 2808; x_wconf 76' lang='lat' dir='ltr'>natura</span> <span class='ocrx_word' id='word_1_361' title='bbox 1206 2767 1279 2808; x_wconf 87' lang='lat' dir='ltr'>sibi</span> <span class='ocrx_word' id='word_1_362' title='bbox 1311 2766 1544 2818; x_wconf 76' lang='lat' dir='ltr'>vindicabit,</span> <span class='ocrx_word' id='word_1_363' title='bbox 1597 2775 1666 2810; x_wconf 85' lang='lat' dir='ltr'>ant</span> 
     </span>
     <span class='ocr_line' id='line_1_38' title="bbox 112 2833 1664 2894; baseline -0.001 -15"><span class='ocrx_word' id='word_1_364' title='bbox 112 2836 345 2893; x_wconf 67' lang='lat' dir='ltr'>aequabitur</span> <span class='ocrx_word' id='word_1_365' title='bbox 370 2837 496 2894; x_wconf 81' lang='lat' dir='ltr'>patri,</span> <span class='ocrx_word' id='word_1_366' title='bbox 540 2836 574 2879; x_wconf 82' lang='grc' dir='ltr'><strong>εἰ</strong></span> <span class='ocrx_word' id='word_1_367' title='bbox 600 2836 688 2892; x_wconf 89' lang='lat' dir='ltr'>quid</span> <span class='ocrx_word' id='word_1_368' title='bbox 715 2837 759 2876; x_wconf 78' lang='lat' dir='ltr'>ad</span> <span class='ocrx_word' id='word_1_369' title='bbox 785 2833 933 2877; x_wconf 84' lang='lat' dir='ltr'>Christi</span> <span class='ocrx_word' id='word_1_370' title='bbox 960 2835 1188 2890; x_wconf 80' lang='lat' dir='ltr'>dignitatem</span> <span class='ocrx_word' id='word_1_371' title='bbox 1212 2835 1452 2878; x_wconf 74' lang='lat' dir='ltr'>accesserit?</span> <span class='ocrx_word' id='word_1_372' title='bbox 1511 2836 1594 2878; x_wconf 79' lang='lat' dir='ltr'>Aut</span> <span class='ocrx_word' id='word_1_373' title='bbox 1621 2836 1664 2878; x_wconf 92' lang='lat' dir='ltr'>il-</span> 
     </span>
     <span class='ocr_line' id='line_1_39' title="bbox 112 2902 1656 2961; baseline -0.002 -13"><span class='ocrx_word' id='word_1_374' title='bbox 112 2902 177 2949; x_wconf 79' lang='lat' dir='ltr'>lnd</span> <span class='ocrx_word' id='word_1_375' title='bbox 207 2919 373 2961; x_wconf 73' lang='lat' dir='ltr'>quanam</span> <span class='ocrx_word' id='word_1_376' title='bbox 405 2905 557 2948; x_wconf 87' lang='lat' dir='ltr'>ratione</span> <span class='ocrx_word' id='word_1_377' title='bbox 590 2903 779 2961; x_wconf 77' lang='lat' dir='ltr'>amputari</span> <span class='ocrx_word' id='word_1_378' title='bbox 813 2902 977 2959; x_wconf 86' lang='lat' dir='ltr'>poterit,</span> <span class='ocrx_word' id='word_1_379' title='bbox 1009 2906 1111 2944; x_wconf 78' lang='lat' dir='ltr'>Deus</span> <span class='ocrx_word' id='word_1_380' title='bbox 1139 2912 1244 2953; x_wconf 81' lang='lat' dir='ltr'>erae,</span> <span class='ocrx_word' id='word_1_381' title='bbox 1289 2918 1375 2947; x_wconf 81' lang='lat' dir='ltr'>oum</span> <span class='ocrx_word' id='word_1_382' title='bbox 1406 2918 1512 2958; x_wconf 78' lang='lat' dir='ltr'>vox,</span> <span class='ocrx_word' id='word_1_383' title='bbox 1543 2907 1656 2956; x_wconf 72' lang='lat' dir='ltr'>Erat,</span> 
     </span>
    </p>
   </div>
   <div class='ocr_carea' id='block_1_6' title="bbox 157 3013 965 3105">
    <p class='ocr_par' dir='ltr' id='par_1_8' title="bbox 157 3013 965 3105">
     <span class='ocr_line' id='line_1_40' title="bbox 159 3013 567 3061; baseline -0.005 -8"><span class='ocrx_word' id='word_1_384' title='bbox 159 3017 192 3054; x_wconf 77' lang='lat'>3.</span> <span class='ocrx_word' id='word_1_385' title='bbox 218 3013 374 3061; x_wconf 62' lang='lat' dir='ltr'>armeta&lt;</span> <span class='ocrx_word' id='word_1_386' title='bbox 396 3020 446 3053; x_wconf 75' lang='lat' dir='ltr'>ed.</span> <span class='ocrx_word' id='word_1_387' title='bbox 468 3021 567 3060; x_wconf 71' lang='lat' dir='ltr'>ym&#39;ne.</span> 
     </span>
     <span class='ocr_line' id='line_1_41' title="bbox 157 3062 965 3105; baseline 0 -6"><span class='ocrx_word' id='word_1_388' title='bbox 157 3062 189 3099; x_wconf 73' lang='lat'>4-</span> <span class='ocrx_word' id='word_1_389' title='bbox 216 3064 282 3099; x_wconf 78' lang='grc' dir='ltr'>τῶν</span> <span class='ocrx_word' id='word_1_390' title='bbox 307 3066 419 3099; x_wconf 73' lang='lat' dir='ltr'>vitium</span> <span class='ocrx_word' id='word_1_391' title='bbox 446 3069 490 3098; x_wconf 76' lang='lat' dir='ltr'>eat</span> <span class='ocrx_word' id='word_1_392' title='bbox 516 3066 565 3099; x_wconf 80' lang='lat' dir='ltr'>ed.</span> <span class='ocrx_word' id='word_1_393' title='bbox 599 3066 708 3099; x_wconf 77' lang='lat' dir='ltr'>Petav.</span> <span class='ocrx_word' id='word_1_394' title='bbox 739 3065 846 3098; x_wconf 75' lang='lat' dir='ltr'>Coton.</span> <span class='ocrx_word' id='word_1_395' title='bbox 870 3066 965 3105; x_wconf 71' lang='lat' dir='ltr'>repet.</span> 
     </span>
    </p>
   </div>
  </div>
 </body>
</html>
