2020 3276
450 186 631 222 rammi
656 186 741 220 Lm.
763 187 823 220 m.
844 187 956 221 Tou.
974 188 999 221 ¹.
1021 186 1156 221 HABR.
1178 186 1339 220 LXXIV.
1583 179 1663 220 175

120 266 247 312 [ntia
267 266 470 310 Qut.
530 266 594 309 Ad
616 266 782 309 eundem
806 266 938 321 itaque
962 266 1115 308 modum
1139 266 1188 308 de
1207 265 1347 321 spiritu
1371 273 1412 308 et
1438 266 1516 308 lilio
1537 274 1579 308 et
1599 281 1666 322 pa-

117 335 460 392 umanum
477 334 690 386 convenit,
733 340 776 375 et
797 347 912 375 unam
936 334 985 375 iis
1010 333 1274 389 cognitionem
1297 347 1344 375 ac
1367 334 1663 389 praescientiam

116 403 323 455 sture,
362 417 413 446 eo
440 403 543 459 quod
570 409 826 445 sacrosancta
856 401 1011 444 trinitas
1041 416 1111 443 sua
1146 402 1244 444 haud
1276 402 1392 445 dubie
1424 403 1665 459 perfectione

118 477 167 515 et
184 470 397 515 identitate
425 478 595 513 constet.

185 559 190 567 ·
228 536 319 583 Sed
342 539 392 583 de
414 539 475 582 bis
495 539 675 581 omnibus
693 538 848 581 infinita
870 539 1060 594 quaedam
1090 537 1280 594 disputari
1312 546 1498 594 possunt,
1538 547 1580 582 et
1599 539 1659 582 in·
1671 542 1858 588 Gap.xw.

120 621 313 657 ΜΟ
329 608 457 650 sactis
489 621 512 649 e
533 607 659 649 literis
681 607 937 649 auctoritates
960 608 1131 658 adferri,
1173 614 1214 648 ut
1237 608 1275 648 in
1299 607 1456 662 longum
1480 609 1665 664 producta

115 676 339 720 Μαι
369 676 534 719 molesta
563 676 615 718 sit
650 676 794 717 oratio.
857 674 939 718 Sed
977 689 1049 717 nos
1082 675 1122 716 ia
1162 689 1391 730 unaquaque
1431 678 1665 720 confutanda

122 744 278 788 haeresi
299 744 397 788 satis
422 744 540 786 multa
563 744 639 785 iam
662 743 857 796 diximus,
889 750 930 784 et
947 757 1085 786 omnes
1108 744 1242 786 divino
1265 743 1461 798 praesidio
1485 746 1573 787 l'reti
1594 760 1666 788 nos

121 812 217 856 licet
237 812 455 856 imbecilles
474 812 711 865 evertimus,
743 819 859 867 atque
879 826 902 853 a
922 812 1089 853 veritate
1117 825 1206 854 esse
1230 812 1381 854 alienas
1406 814 1663 865 ostendimus,

123 894 199 924 nec
230 895 310 924 non
342 888 384 923 et
406 880 581 936 singulas
612 881 698 923 sive
733 880 771 922 in
804 880 950 936 exigua
973 879 1101 936 aliqua
1123 894 1190 932 re,
1233 881 1318 922 sive
1342 881 1380 922 in
1405 882 1541 923 maiori
1562 883 1667 924 veri-

125 948 195 992 tati
226 948 508 1001 conmmeliose
539 949 748 991 detrahere
771 956 887 1004 atque
909 948 1094 1004 ablegare
1126 950 1314 992 funditus.
1375 947 1491 1005 Quod
1513 951 1665 1006 quidem

124 1017 260 1061 ati-ii
292 1018 427 1060 lacere
457 1017 663 1060 instituunt
693 1017 759 1072 qui
794 1017 991 1059 domiuum
1018 1031 1066 1060 ae
1097 1019 1275 1074 spiritum
1308 1025 1487 1060 sanctum
1521 1020 1666 1061 frustra

117 1085 373 1135 ”ata-eliis
394 1093 588 1137 onerant,
619 1099 747 1142 neque
770 1092 838 1128 aut
858 1088 922 1126 hie
939 1094 1008 1127 aut
1026 1089 1067 1127 in
1082 1087 1216 1141 futuro
1234 1089 1385 1128 saeculo
1397 1118 1409 1139 ,
1453 1094 1496 1129 ut
1515 1087 1659 1129 domini

124 1152 391 1206 vebis-tar,
430 1161 678 1210 peccatorum
708 1154 1017 1207 relaxationem,
1058 1155 1109 1197 ob
1137 1169 1248 1197 suam
1272 1155 1376 1197 illam
1412 1155 1452 1198 in
1488 1155 1665 1212 spiritum

121 1228 303 1266 aua-
323 1221 626 1279 blasphemiam,
668 1221 849 1264 obtinere
873 1229 1059 1278 possunta
1099 1222 1166 1279 qui
1195 1223 1244 1265 ab
1275 1224 1359 1280 ipsa
1381 1225 1550 1266 veritate
1578 1239 1667 1281 pro-

119 1289 267 1334 desti
281 1297 399 1342 auat,
443 1287 636 1332 Cerastae
657 1291 855 1332 cuiusdam
877 1290 1004 1334 instar
1024 1292 1171 1335 atrocis
1194 1299 1235 1334 et
1252 1292 1368 1334 unico
1387 1305 1511 1335 cornu
1542 1300 1667 1336 metu·

118 1357 232 1401 nai.
291 1356 406 1400 Talis
437 1358 542 1400 enim
577 1365 639 1400 est
670 1358 933 1415 blasphemiae
963 1373 1129 1411 sensus,
1171 1359 1238 1416 qui
1266 1375 1409 1417 eorpus
1439 1361 1666 1404 universum

122 1439 375 1482 mrsu-pere
414 1433 558 1482 potest.
618 1425 675 1468 Et
705 1441 777 1470 nos
814 1428 967 1483 quidem
1004 1428 1150 1470 domini
1183 1442 1368 1470 sermone
1403 1436 1444 1470 et
1477 1430 1666 1485 unigeniti

124 1507 221 1539 vura
246 1494 493 1550 professione
525 1495 704 1551 persuasi
731 1497 949 1549 credimus,
991 1497 1029 1539 ei
1053 1497 1118 1552 qui
1142 1498 1410 1551 blasphemat-1²
1430 1501 1471 1539 in
1492 1502 1666 1552 spm'tum

121 1570 294 1605 m
311 1578 431 1618 neque
459 1566 499 1605 in
521 1565 593 1604 hoe
619 1566 771 1604 saeculo
798 1579 867 1605 nec
888 1568 928 1605 in
953 1566 1089 1618 futuro
1118 1568 1399 1607 condonandum
1429 1581 1511 1607 esse
1532 1582 1667 1621 pecea—

116 1637 227 1681 -m
255 1637 303 1683 at
329 1631 517 1674 diximus.
578 1630 716 1687 Quare
752 1632 966 1688 proculcati
997 1633 1051 1675 illi
1083 1641 1123 1676 et
1147 1634 1278 1676 obtriti
1301 1641 1418 1686 sunt3
1459 1649 1532 1677 nec
1563 1636 1667 1677 veri-

112 1699 203 1744 tati
223 1699 413 1743 mittere
442 1707 667 1757 potuerunt.
725 1699 830 1742 Nam
853 1701 1037 1744 haereses
1059 1716 1197 1745 omnes
1227 1717 1271 1744 re
1302 1717 1396 1744 vera
1416 1711 1554 1757 portae
1575 1713 1666 1746 sunt

122 1769 360 1823 mun,
406 1783 507 1825 quae
527 1770 719 1812 adversus
744 1776 893 1825 petram
918 1770 1011 1812 nibil
1042 1771 1204 1813 omnino
1231 1772 1370 1813 virium
1397 1772 1542 1815 babere
1576 1788 1664 1829 pos-

121 1843 236 1880 sunt.
292 1834 452 1881 Etenim
474 1837 510 1880 si
532 1851 583 1879 ex
606 1837 683 1880 illis
703 1838 878 1880 nonnulli
899 1838 1001 1881 istud
1025 1839 1197 1881 obiicere
1218 1840 1437 1883 voluerint:
1468 1839 1558 1884 Nos
1579 1855 1665 1884 eam

121 1903 215 1948 ssei
247 1905 453 1948 famulam
483 1920 584 1962 quae
613 1906 652 1949 in
683 1904 863 1948 Nicaeua
884 1908 1036 1963 synodo
1059 1908 1243 1965 exposita
1264 1915 1327 1951 est
1353 1916 1392 1950 et
1410 1909 1485 1965 ipsi
1510 1911 1666 1966 prolite-

112 1986 237 2026 nnr,
277 1973 377 2016 doce
400 1973 520 2029 igitur
550 1988 605 2017 ex
636 1974 699 2016 illa
732 1975 910 2031 spiritum
941 1984 1119 2019 sanctum
1150 1976 1190 2018 iu
1216 1976 1419 2019 divinitate
1445 1979 1665 2031 numerari,

115 2040 244 2085 atia-
277 2041 344 2084 illa
378 2042 462 2098 ipsa
494 2042 743 2086 confessione
776 2044 1023 2086 refellentur.
1094 2043 1339 2101 Quamquam
1365 2047 1471 2089 nulla
1502 2054 1583 2089 tum
1618 2048 1666 2091 de

115 2108 265 2168 spiritu
289 2116 428 2152 sancto
464 2110 594 2153 luerat
619 2111 796 2154 instituta
831 2112 1026 2168 quaestio.
1088 2111 1242 2170 Quippe
1267 2115 1315 2156 de
1345 2114 1430 2167 his,
1461 2129 1561 2171 quae
1584 2116 1666 2159 sin·

123 2177 228 2234 guli·
261 2177 502 2235 temporibus
536 2186 768 2232 occurrunt,
821 2194 964 2223 cavere
999 2182 1140 2238 synodi
1178 2196 1226 2224 ac
1265 2183 1480 2226 decernere
1519 2185 1663 2227 solent.

121 2244 264 2303 Qum
284 2259 371 2290 eum
397 2245 519 2289 Arius
549 2247 588 2288 in
612 2247 731 2290 lilium
752 2248 955 2291 maledicta
982 2250 1218 2301 coniiceret,
1260 2258 1468 2307 propterea
1494 2253 1666 2295 uberiori

120 2314 292 2372 quadan
322 2315 584 2371 disputatione
614 2323 884 2370 argumentum
918 2316 1011 2360 illud
1034 2325 1097 2360 est
1119 2318 1415 2362 accuratissime
1439 2327 1661 2363 tractatum.

125 2381 277 2427 Veram
307 2397 362 2427 ex
394 2384 531 2426 eadem
559 2384 646 2425 fidei
676 2384 923 2440 professione
956 2385 1271 2431 animadvertere
1301 2388 1415 2440 licet,
1460 2402 1510 2430 ne
1532 2388 1664 2432 bacin

126 2458 239 2509 parte
265 2451 420 2508 quidem
448 2452 755 2495 contumeliosos
785 2452 873 2494 illos
900 2453 939 2495 in
971 2454 1147 2510 spiritum
1181 2455 1402 2498 haereticos
1438 2470 1485 2498 ac
1504 2456 1665 2513 spiritus

125 2527 432 2578 oppugnatores,
457 2528 497 2563 et
513 2520 562 2563 ab
581 2522 667 2564 eius
686 2521 892 2563 sanctitate
915 2534 962 2563 ac
982 2522 1095 2564 donis
1111 2523 1261 2566 alienos
1282 2523 1482 2579 quicquam
1506 2525 1665 2569 omnino

125 2588 277 2633 dicere.
336 2587 536 2645 Siquidem
569 2589 767 2646 expositio
798 2588 880 2644 ipsa
911 2590 1118 2632 veritatem
1141 2591 1306 2633 subinde
1326 2592 1551 2647 profitetur,
1591 2607 1664 2636 nec

124 2664 260 2714 negat.
321 2660 537 2707 Credamus,
571 2658 720 2714 inquit,
752 2660 791 2698 in
813 2671 926 2699 unum
946 2659 1054 2699 dauni
1074 2667 1220 2712 patrem
1240 2663 1537 2713 omm'poteaten.
1588 2660 1662 2706 Ubi

127 2738 211 2768 vox
232 2725 327 2778 ista,
360 2728 566 2775 Credimus,
601 2740 678 2768 non
701 2724 931 2781 simpliciter
952 2725 1193 2782 accipienda,
1225 2728 1294 2770 sed
1321 2728 1367 2770 de
1390 2728 1462 2772 fide
1484 2729 1522 2772 in
1547 2729 1661 2773 deum

126 2792 378 2851 intelligenda
401 2794 522 2837 venit.
584 2797 637 2835 Et
656 2798 695 2835 in
718 2808 829 2834 unum
853 2795 1039 2834 domi’num
1056 2796 1177 2835 Iesum
1200 2797 1404 2845 Chrc'stum,
1439 2811 1564 2855 neque
1588 2798 1665 2841 hoc'

126 2867 334 2918 utcumque
356 2861 515 2915 dictum,
547 2864 615 2906 sed
635 2862 681 2904 ad
704 2862 814 2903 fidem
840 2861 878 2903 in
906 2861 1018 2903 deum
1043 2863 1309 2907 referendum.
1359 2867 1413 2907 Ee
1429 2868 1470 2908 ia
1486 2870 1660 2921 φίήιιω

125 2938 318 2978 menan,
361 2930 462 2987 quod
488 2944 614 2987 neque
633 2930 860 2987 simpliciter
878 2936 1102 2985 usurpatum
1128 2937 1211 2982 est,
1255 2932 1324 2975 sed
1349 2933 1387 2975 in
1410 2947 1525 2977 unam
1548 2949 1661 2992 prae-

128 2996 361 3041 dicationem
382 3012 430 3041 ac
450 2998 613 3055 gloriam
626 3030 638 3051 ,
670 2998 709 3041 in
731 3013 847 3041 unam
867 2997 1082 3041 divinitatis
1102 2998 1441 3057 coniunctionem,
1482 3002 1522 3047 in
1543 3018 1660 3048 unam

1708 1092 1820 1121 Mam.

1719 1128 1763 1161 1²,
1776 1129 1819 1156 ³².
