2020 3276
369 193 450 237 748

412 281 505 315 annis
536 283 590 314 14.
621 284 657 313 et
690 281 744 314 17.
778 278 834 313 fac
863 278 955 324 ipsos
985 285 1023 312 ut
1049 277 1117 313 siut

413 339 445 371 in
471 348 542 376 me,
582 342 645 369 etc.
670 338 745 369 798.
772 354 812 361 —·
859 335 930 369 eius
953 335 1116 370 refutatio

411 393 490 428 ibid.
515 412 558 420 —
591 400 627 427 et
647 392 787 427 ecclesia
813 391 946 426 Christo
967 392 1117 438 proxima

410 450 490 483 ibid.
526 468 568 476 —
627 461 694 495 quo
725 460 825 483 sensu
865 461 948 483 uuus
988 449 1117 483 dicatur

412 506 559 541 Christus
593 518 668 541 cum
689 506 755 541 deo
778 513 814 540 et
837 517 911 539 cum
946 506 1115 552 discipulis

411 567 487 598 794.

366 622 560 656 Arianorum
591 627 785 666 argumenta
821 620 978 666 captiosis
1005 620 1113 666 syllo-

408 678 520 724 gismis
543 678 720 718 conclusa.
755 684 789 711 et
811 689 926 712 eorum
940 671 1114 712 ‘refutatio

411 739 489 770 794.

366 793 477 827 Ariani
498 792 714 832 Aristotelici,
739 802 920 838 eorumque
945 791 1112 827 cavillatio

411 852 487 884 ⁷95.
511 869 555 876 -
601 850 672 884 eius
696 849 820 884 solutio
842 848 925 883 ibid.

366 907 559 943 Arianorum
586 907 741 952 impietas
767 906 880 940 nescio
907 906 987 952 quid
1007 905 1114 940 simile

407 963 505 998 idolis
523 964 566 998 de
591 964 724 998 Christo
745 964 960 997 statuentium
983 966 1059 998 755.

367 1021 479 1056 Ariani
501 1021 718 1062 refelluntur,
741 1019 992 1066 ostenditurque
1014 1019 1113 1054 chri-

407 1085 495 1112 stum
517 1090 585 1112 non
608 1077 674 1112 dici
697 1084 880 1112 creaturam
901 1080 976 1111 758.

363 1135 460 1170 Arius
480 1136 522 1169 ab
545 1135 687 1170 ecclesia
716 1134 868 1168 deiectus
891 1135 925 1168 in
947 1135 1113 1169 Palaesti-

406 1203 484 1226 nam
506 1192 642 1226 recessit
663 1193 738 1226 720.

362 1250 568 1295 Artotyritae
588 1249 671 1283 dicti
693 1261 714 1283 a
735 1260 822 1294 pane
846 1255 881 1282 et
901 1260 1010 1289 caseo,
1034 1248 1110 1294 qni-

405 1306 466 1340 bus
488 1307 522 1340 in
545 1306 710 1352 mysteriis
733 1306 800 1340 suis
830 1306 1010 1340 utebantur
1031 1309 1109 1339 418.

361 1363 501 1409 Aspides
531 1363 656 1409 seipsas
689 1364 874 1404 devorant,
920 1370 956 1396 et
990 1363 1111 1396 fortior

405 1431 520 1454 earnm
541 1409 796 1466 Aspidogorgon
818 1426 955 1454 vocatur
978 1422 1055 1453 151.

360 1478 615 1523 Aspidogorgon
640 1489 704 1512 una
724 1490 764 1511 ex
791 1477 960 1523 aspidibus
988 1477 1111 1511 sortior

405 1542 533 1568 ceteras
557 1535 730 1568 absumens
750 1537 804 1568 61.
1036 1544 1038 1549 ’

360 1586 456 1638 Aspis
479 1592 522 1626 ab
545 1591 662 1636 aspide
685 1603 849 1626 venenum
872 1598 989 1625 mutuo
1010 1591 1111 1625 sumit

404 1649 559 1694 proverb.
581 1651 635 1682 68.

363 1709 466 1739 Assur
487 1717 507 1739 a
525 1705 661 1739 Graecis
679 1705 770 1739 idem
788 1705 935 1740 creditur
955 1716 1028 1740 cum
1044 1707 1110 1740 20-

403 1769 534 1796 roastro
561 1765 592 1796 7.

359 1823 461 1853 Assur
484 1819 568 1853 filius
586 1819 777 1853 Nembroth
800 1831 879 1865 quas
903 1819 1000 1853 urbes
1024 1830 1108 1853 oon-

404 1876 491 1909 tlidit
515 1878 546 1909 7.

358 1933 566 1977 Assyriorum
591 1932 772 1978 primordia
795 1935 828 1966 8.

358 1989 506 2022 Asterius
524 1989 674 2035 sophista
694 1988 729 2022 iu
749 1989 982 2034 persecutione
997 1989 1106 2023 Maxi-

402 2045 502 2079 miani
527 2046 626 2080 fidem
649 2046 790 2080 eiuravit
813 2049 891 2079 815.

357 2103 556 2136 Athanasius
588 2110 720 2136 creatur
754 2103 930 2148 episcopus
963 2103 1106 2136 Aiexan-

401 2159 515 2204 driae‚
549 2159 684 2205 eiusque
711 2160 859 2193 studium
879 2159 914 2193 iu
935 2159 1107 2193 ecclesium

404 2219 479 2250 786.
505 2233 548 2244 --
593 2217 697 2250 multa
729 2227 906 2262 perpessus
935 2217 979 2250 ob
1008 2216 1107 2250 fidem

401 2273 483 2307 ibid.

356 2330 526 2365 Athanasii
549 2331 696 2375 episcopi
721 2330 939 2364 Alexandriae
966 2330 1107 2376 epistola

400 2387 445 2421 ad
469 2388 658 2432 Epictetum
689 2387 938 2422 Corinthiorum
971 2387 1104 2432 episco-

403 2457 481 2489 pum
505 2447 582 2478 997.

357 2501 554 2535 Athanasius
577 2502 747 2536 ordinatus
766 2503 943 2548 episcopus
961 2501 1107 2536 Alexan-

401 2558 494 2592 driae
519 2562 593 2594 722.

356 2615 553 2649 Athanasius
585 2617 785 2650 Meletiauos
818 2616 862 2650 ad
897 2615 1103 2650 communio·

402 2685 478 2706 nem
507 2680 603 2718 urget
637 2677 712 2707 722.
735 2693 781 2700 -
825 2673 914 2706 idem
936 2680 1107 2707 accusatus

403 2732 479 2763 723.
505 2749 548 2756 —-
594 2730 690 2764 huius
711 2742 808 2764 causa
829 2730 1006 2763 concilium
1023 2730 1105 2775 Tyri

400 2786 487 2819 iussu
501 2787 711 2820 Constantini
723 2794 960 2831 congregatum
971 2786 1052 2820 ibid.
1061 2805 1106 2812 —

402 2843 552 2876 Ursatius
573 2852 607 2877 et
623 2843 747 2877 valens
767 2851 976 2878 accusatores
1000 2844 1104 2876 Atha-

402 2899 484 2931 nasii
515 2900 557 2933 ab
587 2901 730 2933 Eusebio
762 2895 934 2934 subornati
961 2903 1037 2935 ⁷24.
1064 2919 1104 2926 «-

401 2958 567 2998 relegatur
611 2957 829 2997 Athanasius,
873 2964 908 2990 et
942 2957 977 2990 in
1011 2957 1105 2990 Italia

403 3011 513 3044 exulat
539 3015 613 3046 ⁷25.
643 3032 683 3039 —-·
730 3013 884 3047 Arsenius
905 3013 997 3047 vivus
1023 3025 1105 3058 pro-

402 3066 533 3102 ducitur
553 3075 588 3102 et
606 3069 735 3113 integer
753 3069 833 3103 ibid.

975 199 1019 233 m
1025 199 1120 234 DEX
1143 199 1312 235 RERUM.

1166 278 1362 314 Athanasius
1394 279 1567 314 restitutus
1597 280 1679 317 ibid.
1701 300 1748 311 -
1790 282 1912 319 iterum

1208 335 1333 381 pulsus,
1355 348 1395 370 ac
1415 336 1526 371 denuo
1544 337 1716 374 nstitutus
1737 351 1759 375 a
1776 339 1911 376 Ioviano

1205 392 1358 438 imperat.
1386 395 1461 427 726.
1489 412 1530 420 -
1563 405 1639 429 cum
1660 395 1782 432 Valens
1800 396 1912 444 impe·

1206 456 1300 483 rator
1321 449 1442 484 eiicere
1464 461 1531 485 non
1553 450 1659 486 audet
1679 451 1761 488 ibid.

1163 506 1412 540 Atheniensium
1439 518 1533 542 sacra
1562 514 1599 542 et
1631 508 1784 556 Dionysii
1814 511 1908 558 orgia

1207 565 1305 597 1092.

1164 620 1271 654 Attica
1294 621 1386 665 regio
1410 620 1498 655 unde
1520 621 1612 657 dicta
1635 625 1692 657 11.

1163 677 1387 711 Audianorum
1424 678 1569 713 haeresis
1607 682 1663 714 50.
1694 687 1774 726 post
1811 681 1909 717 Chri-

1205 733 1411 768 stianismum
1440 735 1558 771 ordine
1581 738 1635 771 70.
1654 739 1733 771 811.
1756 757 1800 766 -
1845 738 1910 773 aii-

1205 797 1259 824 ter
1281 791 1400 825 Odiani
1421 791 1504 826 dicti
1522 793 1606 830 ibid.
1620 812 1663 821 —
1696 793 1753 828 ubi
1766 800 1804 828 et
1820 805 1909 841 quo-

1205 847 1308 882 modo
1338 848 1463 893 degant
1495 849 1576 885 ibid.
1598 868 1646 879 —
1690 851 1764 898 quis
1794 862 1911 887 eorum

1205 912 1323 939 auctor
1344 905 1428 941 ibid.

1161 961 1259 996 Audii
1290 962 1430 997 historia
1461 963 1544 998 ibid.
1579 982 1625 990 —
1670 964 1740 1000 eius
1773 965 1911 1003 libertas

1203 1019 1238 1052 in
1259 1019 1537 1064 reprehendendo
1554 1024 1631 1056 812.
1648 1040 1690 1048 -
1735 1021 1779 1058 ab
1798 1022 1910 1059 sesto·

1202 1075 1251 1108 sia
1274 1087 1311 1109 se
1332 1078 1520 1122 segregavit
1539 1078 1623 1114 ibid.

1160 1132 1382 1167 Audianorum
1399 1134 1541 1169 schisma
1557 1134 1637 1171 ibid.

1161 1190 1329 1224 Audianus
1353 1188 1481 1226 'creatus
1505 1192 1682 1239 episcopus
1705 1193 1787 1229 ibid.

1160 1247 1384 1283 Audianorum
1407 1261 1501 1284 error
1523 1249 1567 1284 de
1587 1250 1731 1296 imagine
1750 1251 1806 1286 dei
1828 1255 1907 1287 818.

1204 1324 1246 1331 --
1281 1305 1392 1340 variae
1421 1307 1597 1351 opiniones
1628 1307 1673 1341 de
1701 1317 1744 1342 eo
1773 1308 1808 1343 in
1841 1320 1908 1356 quo

1201 1361 1265 1396 sita
1286 1362 1332 1395 sit
1352 1363 1463 1408 imago
1481 1363 1535 1397 dei
1555 1364 1589 1398 in
1606 1364 1744 1399 homine
1759 1362 1839 1400 ⁴814.
1862 1385 1908 1393 —

1202 1418 1257 1453 dei
1276 1419 1387 1464 imago
1409 1421 1445 1454 iu
1463 1420 1599 1454 homine
1621 1432 1689 1456 non
1709 1422 1810 1468 periit
1826 1422 1908 1458 ibid.

1201 1494 1247 1502 -
1279 1476 1354 1511 loca
1381 1477 1498 1522 quibus
1528 1477 1681 1512 nituntur
1705 1479 1846 1514 Audiani
1871 1486 1908 1514 ut

1201 1533 1346 1578 probent
1378 1533 1556 1579 imaginem
1590 1534 1645 1569 dei
1676 1546 1750 1570 esse
1767 1535 1804 1571 iu
1827 1547 1908 1572 cor-

1203 1602 1285 1636 pore
1307 1591 1448 1625 hominis
1465 1595 1543 1625 816.
1558 1609 1605 1618 —
1635 1591 1717 1626 deus
1736 1593 1906 1639 quomodo

1201 1659 1222 1681 a
1247 1648 1422 1693 prophetis
1447 1649 1493 1682 sit
1514 1649 1602 1683 visus
1625 1651 1704 1684 817.

1158 1704 1382 1739 Audianorum
1404 1705 1447 1739 de
1467 1705 1626 1750 paschate
1647 1717 1742 1741 error
1762 1709 1839 1743 820.
1862 1727 1906 1736 —

1202 1773 1316 1795 eorum
1341 1762 1428 1796 circa
1450 1763 1516 1797 hoc
1541 1763 1704 1798 calumnia
1727 1766 1806 1798 821.

1158 1818 1280 1852 Andius
1301 1829 1403 1852 senex
1433 1819 1467 1852 in
1490 1820 1662 1865 Scythiam
1691 1821 1735 1855 ab
1758 1821 1907 1868 impera-

1199 1881 1276 1909 tore
1293 1875 1456 1920 relegatus
1473 1879 1550 1910 827.
1563 1896 1608 1903 -
1630 1877 1663 1911 in
1685 1877 1811 1912 Gothia
1826 1883 1905 1914 uio·

1199 1932 1344 1966 nasteria
1366 1932 1510 1966 instituit
1531 1933 1612 1968 ibid.

1156 1988 1379 2022 Audiunornm
1411 1990 1481 2024 vita
1510 1991 1717 2034 sanctissima
1745 1991 1827 2027 ibid.
1861 2011 1905 2020 ·--

1199 2046 1339 2079 aliorum
1362 2047 1629 2082 communionem
1653 2047 1804 2084 devitant
1824 2049 1904 2084 ibid.

1155 2106 1261 2136 Azura
1294 2114 1375 2138 uxor
1411 2103 1528 2148 Sethi,
1563 2105 1778 2152 eiusdemque
1810 2116 1907 2142 soror

1199 2163 1276 2194 287.

1155 2365 1303 2410 Babylon
1327 2365 1484 2407 condita,
1519 2373 1554 2401 et
1576 2366 1762 2413 linguarum
1783 2367 1903 2403 divisio

1197 2434 1236 2455 ac
1259 2422 1401 2456 varietas
1424 2426 1501 2457 288.

1154 2479 1363 2524 Baptizantes
1396 2480 1517 2514 iterum
1549 2481 1760 2522 haereticos.
1802 2481 1904 2517 etim

1197 2536 1338 2570 Arianos
1362 2549 1536 2583 perperam
1559 2538 1671 2573 facere
1693 2540 1794 2575 10⁹6.

1154 2605 1279 2638 Bar-bae
1302 2606 1414 2640 tonsio
1429 2606 1596 2651 prohibita
1616 2606 1903 2642 constitutionibus

1197 2662 1391 2707 apostolicis
1415 2665 1514 2696 1073.

1155 2719 1371 2753 Bar-baronum
1394 2719 1505 2754 variae
1525 2726 1658 2762 sectae,
1691 2726 1728 2754 et
1746 2720 1903 2756 Indorum

1200 2779 1253 2810 72.
1289 2779 1388 2810 1091.

1155 2845 1467 2879 Bardesianistarum
1519 2845 1664 2879 haeresis
1723 2848 1779 2879 ³⁶.
1823 2853 1902 2893 post

1199 2902 1481 2936 Christianismum
1502 2927 1513 2943 ‚
1558 2901 1630 2935 sive
1656 2903 1711 2936 56.
1741 2906 1822 2938 478.
1855 2923 1902 2932 ·—

1197 2958 1269 3003 quis
1319 2959 1422 2992 fuerit
1468 2957 1682 2992 Bardesianes
1727 2959 1808 2995 ibid.
1854 2980 1901 2988 -·

1196 3015 1329 3059 scripsit
1366 3022 1483 3049 contra
1518 3014 1706 3059 astrologos
1744 3015 1788 3050 de
1825 3016 1899 3052 sato

1197 3075 1275 3106 477.
1298 3091 1341 3098 -
1376 3071 1445 3105 eius
1468 3082 1597 3106 errores
1617 3071 1698 3105 ibid.
1718 3092 1762 3101 —-
1792 3084 1899 3121 nega-
1953 3111 1955 3113 ,
