1976 3262
0 1507 17 1791 Q

1 2079 14 2123 i

4 2153 17 2185 ι

17 2988 35 3077 Ξ
117 3013 258 3056 mu
288 3017 322 3049 in
344 3016 556 3049 normannis
579 3017 753 3057 Gouinqioe
781 3013 874 3048 179⁴.

471 213 655 248 nunu
678 213 763 247 Ltn.
778 214 838 247 m.
861 214 970 248 Tou.
989 215 1015 248 1.
1040 214 1173 249 nanti.
1191 215 1334 249 Lxxn.
1625 210 1672 248 51

261 372 519 407 numm
542 373 784 408 misma
803 373 1060 414 mancum,
1085 376 1216 415 QUEM
1239 377 1295 409 ΟΒ
1318 375 1544 410 flammina

346 443 368 448 ρ
671 430 884 463 8ΥΝοοΠ8
908 430 1141 465 ΒΕΡΟὸΠῙΤ.

325 509 478 553 tissime
506 509 684 566 collegae
714 510 812 552 lulio
841 508 1058 553 Marcellus
1088 510 1129 552 in
1160 508 1323 553 Christo
1353 512 1539 554 salutem.

237 574 342 622 Cum
361 579 535 622 nonnulli
561 592 614 621 ex
635 578 683 621 iis
705 579 795 635 qui,
828 579 930 635 quod
958 593 1092 636 parum
1113 579 1268 634 integre
1296 580 1342 621 de
1364 581 1438 622 fide
1461 579 1673 632 sentirent,

121 651 240 690 ute·
272 648 521 690 condemnati
556 655 670 699 sunt,
714 647 857 703 quique
892 661 915 688 a
946 661 1009 688 me
1038 648 1077 689 in
1103 645 1286 690 Nicaena
1315 648 1468 703 synodo
1500 647 1674 690 convicti

120 721 232 768 flunt,
263 722 403 758 eontra
424 729 486 758 mc
504 716 551 758 ad
573 716 756 773 pietatem
778 723 881 758 tuam
906 715 1084 758 scribere
1108 730 1186 758 non
1208 716 1488 768 dubitaverint,
1521 730 1584 758 me
1605 730 1678 758 nec

119 788 256 836 m,
285 794 363 826 neo
384 797 472 827 cnm
497 784 689 827 ecciesiae
716 784 895 826 doctrina
915 791 1184 826 consentanee
1207 783 1255 825 de
1278 784 1353 825 tide
1373 791 1575 836 statuere,
1622 784 1678 826 nti

120 849 272 895 due-
293 865 409 895 snntn
429 851 470 894 in
492 866 556 895 me
577 854 863 904 transferrent,
909 859 1118 910 propterea
1140 853 1371 894 necessario
1392 851 1559 894 Romam
1586 853 1677 894 mibi

119 918 383 975 mad-n,
415 929 454 964 et
480 929 518 964 te
541 922 866 964 commonendum
893 921 1051 978 putavi,
1084 927 1127 962 ut
1150 934 1220 963 eos
1244 920 1308 976 qui
1332 927 1472 962 contra
1495 934 1556 962 me
1579 921 1677 962 seri-

122 995 288 1046 m!
313 1002 565 1043 arcesseres3
610 997 652 1032 ut
673 1005 760 1032 eum
791 990 1071 1040 advenissent,
1116 990 1164 1031 de
1185 989 1338 1031 duobus
1357 989 1434 1031 iuis
1454 1003 1477 1030 a
1497 1002 1558 1030 me
1583 1003 1676 1030 cou-

122 1057 401 1110 ἤικτο-ιιι,
444 1072 534 1101 cum
563 1059 629 1101 illa
665 1059 747 1116 ipsa
772 1059 869 1101 falsa
895 1071 985 1100 esse
1009 1071 1110 1114 quae
1134 1058 1174 1099 in
1200 1071 1261 1099 me
1282 1058 1552 1114 seripserunt,
1597 1064 1677 1099 tum

122 1136 196 1169 eon
218 1125 346 1169 adbuc
364 1126 406 1169 in
429 1127 596 1184 pristino
626 1141 764 1169 errore
796 1140 1056 1183 perseverare
1080 1134 1122 1168 et
1140 1126 1300 1182 indigna
1323 1127 1512 1182 quaedam
1534 1126 1676 1167 adver-

123 1201 196 1237 Ιῠο
220 1195 412 1238 meletias
442 1196 504 1238 dci
534 1210 580 1238 ae
611 1210 684 1238 nos
714 1196 823 1252 ipsos
856 1195 1009 1237 illarum
1049 1195 1254 1252 praesides
1287 1209 1378 1237 esse
1411 1194 1672 1236 machinatos.

124 1260 207 1314 Sed
228 1277 317 1307 cnm
340 1263 396 1306 ini
418 1265 556 1306 venire
578 1264 799 1316 noluerint,
846 1265 1000 1306 tametsi
1023 1264 1280 1320 presbyteros
1303 1264 1351 1306 ad
1372 1263 1481 1320 ipsos
1501 1263 1674 1316 miseris,

122 1340 200 1388 qn
220 1335 320 1374 vere
339 1344 444 1375 anno
474 1332 630 1389 integro
663 1348 710 1375 ac
737 1332 862 1375 tribus
891 1332 1092 1375 mensibus
1116 1331 1269 1375 Romae
1302 1339 1567 1374 commoratus
1592 1333 1677 1374 fue-

119 1399 221 1453 rin,
265 1400 485 1444 faciendum
509 1401 602 1443 mihi
623 1405 783 1443 omnino
805 1402 966 1453 censui,
1014 1408 1056 1443 ut
1080 1408 1173 1443 aute
1195 1415 1311 1457 quam
1337 1401 1426 1442 binc
1449 1401 1675 1457 proficisce-

117 1470 211 1521 πῆ
228 1480 351 1512 'mnae
377 1469 464 1511 ndei
495 1471 784 1526 professionem
809 1470 878 1512 tibi
906 1470 1062 1512 sineere
1086 1476 1203 1526 atque
1229 1469 1466 1524 exanimo,
1509 1482 1674 1524 meaque

118 1535 238 1580 ss·
269 1538 526 1595 perscriptam
559 1539 765 1591 offerrem3
812 1539 964 1594 qualem
998 1537 1114 1580 didici
1145 1545 1262 1594 atque
1291 1551 1345 1580 ex
1376 1537 1519 1579 divinis
1548 1537 1675 1579 literis

117 1604 414 1659 oum-edoctus,
458 1614 498 1649 et
523 1614 567 1649 nt
590 1608 629 1649 in
658 1608 886 1649 memoriam
916 1606 985 1648 tibi
1014 1620 1247 1649 revocarem
1273 1619 1373 1662 quae
1397 1619 1601 1662 perperam
1625 1605 1673 1648 ab

116 1672 202 1717 ssis
220 1682 475 1728 asseruntur-3
519 1689 572 1718 ex
597 1676 737 1732 quibus
771 1674 1017 1731 intelligeres
1048 1676 1279 1731 quibusnam
1311 1675 1359 1716 ad
1385 1675 1584 1717 auditores
1607 1675 1674 1716 de-

115 1741 321 1801 dpiendes
353 1743 536 1787 adhibitis
571 1744 821 1786 sermonibus
853 1743 1060 1786 veritatem
1093 1743 1291 1785 occultare
1325 1750 1533 1785 conantur.
1606 1741 1674 1784 ln-

112 1803 255 1869 vit-is
274 1813 379 1855 enim
405 1820 553 1869 negant
575 1813 773 1855 dominum
805 1819 983 1855 nostrum
1019 1810 1149 1854 lesum
1176 1809 1379 1854 Christum
1405 1811 1604 1868 proprium
1627 1826 1674 1853 ac

115 1891 256 1925 mum
270 1881 335 1925 dei
353 1882 632 1939 omnipotentis
651 1896 741 1924 csse
763 1882 941 1925 verbum.
1004 1879 1086 1923 Sed
1106 1879 1211 1922 aliud
1232 1880 1355 1937 ipsius
1377 1893 1468 1922 esse
1489 1880 1670 1932 verbum,

112 1949 236 1993 fllia-
257 1949 492 2009 sapientiam
511 1958 552 1993 et
568 1951 752 1994 virtutem
777 1964 867 1992 esse
887 1950 1127 2007 praedicant.
1191 1947 1302 1990 mum
1323 1963 1435 2000 vero,
1469 1955 1672 2005 postquam

118 2018 160 2062 in
179 2018 307 2062 ince-
337 2018 391 2062 sit
414 2019 566 2072 editus,
611 2020 660 2061 ab
690 2019 777 2076 ipso
806 2019 995 2071 verbum,
1043 2026 1082 2060 et
1104 2018 1362 2075 sapientiam,
1409 2017 1671 2073 virtutemque

19 2104 34 2117 ·
116 2088 378 2131 nominatum.
440 2085 556 2143 Quod
578 2102 666 2130 cnm
695 2088 888 2140 sentiant,
932 2087 1047 2129 aliam
1071 2101 1094 2129 a
1118 2094 1227 2143 patre
1258 2087 1454 2129 diversam
1486 2087 1673 2143 hyposta-

116 2155 192 2199 sim
216 2169 307 2200 esne
330 2157 438 2199 ilium
462 2157 708 2199 existimant.
767 2154 986 2199 Praeterea
1020 2163 1168 2211 patrem
1201 2163 1292 2197 ante
1324 2155 1443 2197 fliium
1476 2156 1669 2207 existere,

117 2237 174 2268 ex
192 2224 254 2268 bis
276 2238 377 2282 qnae
402 2225 579 2268 scribunt
608 2226 816 2268 manifeste
849 2225 1074 2277 declarant,
1119 2238 1192 2266 nec
1219 2225 1344 2281 ipsum
1375 2237 1471 2267 vere
1504 2237 1594 2265 esse
1629 2223 1671 2264 fi-

116 2292 212 2336 tiu-
239 2306 263 2336 ι
288 2301 398 2351 patre
427 2296 721 2351 procedentem.
783 2293 863 2337 Sed
887 2294 962 2336 etsi
992 2309 1013 2336 a
1040 2295 1114 2335 deo
1142 2308 1231 2335 esse
1254 2294 1402 2346 dicant,
1436 2292 1598 2349 perinde
1625 2292 1671 2333 ii-

115 2360 196 2405 tam
214 2362 458 2406 arbitrantur
478 2378 525 2406 ac
549 2371 683 2406 cetera
703 2363 834 2405 omnia
854 2371 988 2406 creata
1014 2363 1223 2420 proficisci.
1286 2363 1348 2404 Ad
1378 2363 1475 2404 haec
1490 2392 1501 2412 ,
1546 2360 1668 2402 fuisse

116 2429 324 2488 aliqnando
346 2445 435 2475 cnm
468 2433 638 2474 nondum
661 2439 769 2474 esset
797 2433 991 2474 affirmare
1015 2446 1093 2473 non
1117 2431 1317 2483 dubitant,
1361 2432 1537 2483 adeoque
1559 2442 1670 2469 crea—

23 2506 34 2512 '
117 2506 244 2543 turam
273 2506 315 2543 et
333 2500 528 2558 opificium
549 2514 665 2552 esse3
712 2514 825 2556 quem
849 2501 964 2542 etiam
988 2514 1011 2542 a
1034 2507 1144 2557 patre
1170 2500 1397 2555 seiungunt.
1461 2500 1546 2556 Ego
1571 2515 1668 2543 vero

117 2567 183 2625 qni
204 2567 304 2611 banc
323 2577 507 2612 asserunt
525 2569 574 2611 ab
594 2569 764 2611 eeclesia
783 2568 972 2611 catholica
993 2568 1143 2611 alienos
1164 2582 1254 2610 esse
1273 2582 1500 2623 persuasum
1525 2569 1664 2611 babeo.

117 2634 224 2679 Tum
247 2636 375 2680 sacris
404 2638 530 2680 literis
561 2638 771 2680 inhaerens
802 2637 920 2679 credo
945 2651 1061 2679 unum
1090 2650 1180 2678 esse
1211 2637 1324 2678 deum
1355 2643 1396 2678 et
1425 2637 1667 2693 unigenitum

117 2703 204 2748 eins
225 2704 345 2748 fliium
379 2706 568 2758 verbum,
610 2707 675 2763 qui
708 2720 794 2747 cum
822 2712 930 2762 patre
962 2719 1119 2762 semper
1151 2705 1312 2757 existit,
1358 2718 1432 2746 nec
1466 2704 1667 2748 existendi

8 2797 35 2830 ι,
114 2771 270 2817 initium
290 2773 411 2818 nilum
444 2789 612 2832 unquam
644 2774 790 2817 babuit.
852 2772 961 2815 idem
992 2787 1133 2816 revera
1158 2787 1180 2814 a
1204 2773 1278 2814 deo
1305 2773 1544 2829 procedens,
1589 2789 1667 2816 non

42 2901 45 2904 <
119 2877 289 2911 σακία
307 2880 399 2912 vertit
417 2884 452 2911 et
469 2889 536 2911 non
559 2888 631 2911 esse
652 2878 759 2923 ipsum
791 2888 847 2909 ver
850 2888 867 2909 e
913 2877 1024 2917 editis,
1018 2886 1077 2930 p.
1100 2875 1172 2909 107.
1223 2876 1320 2917 Viduo
1339 2879 1425 2909 extet
1445 2874 1534 2912 κατὰ
1551 2874 1616 2912 πάν
1617 2888 1668 2911 τα..

32 2941 37 2945 -
117 2920 220 2956 fliium
243 2934 285 2957 ex
308 2923 384 2958 deo.
961 2923 991 2954 5
1017 2917 1076 2956 ὅτε
1105 2922 1195 2953 codd.
1229 2930 1302 2955 mss.
1326 2925 1461 2964 tateme-
1508 2917 1563 2957 ’ὅτι
1594 2923 1670 2956 editi

162 2966 196 3002 4
235 2966 870 3005 mtrdxdvrammaecwuc
918 2968 998 2999 libri.

1310 3059 1377 3102 4²·

1711 524 1793 570 Cap.
1819 526 1858 558 11.
