2020 3276
477 212 660 247 Panum
682 191 768 247 Lm:
787 212 844 246 nt.
867 213 975 247 ToM.
1000 214 1026 246 1.
1050 213 1181 247 RAER.
1205 213 1367 246 Lxxvt.
1607 203 1687 245 271

143 299 325 345 mura
354 291 589 350 opilieioque
621 292 900 349 praestantior.
962 291 1053 334 Non
1089 299 1293 349 propterea
1318 293 1418 349 quod
1447 291 1646 349 productis
1669 305 1690 332 a

143 361 634 411 „Amibussnteeelliu
667 375 745 403 non
771 361 907 402 eadem
935 360 1011 402 ista
1038 361 1198 402 molitur
1220 376 1266 402 ac
1290 368 1488 417 procreat.
1550 359 1692 416 Neque

144 429 248 472 enim
275 443 375 485 quae
396 429 500 475 illius
523 436 583 471 est
608 429 787 480 bouitas,
820 428 966 471 invidia
991 428 1187 484 tangitur,
1234 430 1544 485 qnandoquidem
1570 430 1691 485 ipsam

142 497 252 542 idue
272 497 487 540 bonitatem
517 497 815 554 complectitur,
863 511 965 553 quae
997 511 1062 538 res
1094 511 1171 538 una
1194 498 1340 538 ceteris
1371 505 1546 554 praestat
1567 496 1693 540 omni-

141 563 234 613 bs.
291 564 435 622 Neque
466 564 825 623 perturbationibus
847 565 1045 606 obnoxius
1067 572 1153 615 est,
1199 565 1307 606 velut
1337 565 1533 618 invidiae,
1576 565 1692 608 livori

140 641 224 678 ete.
284 631 419 690 Quare
442 647 709 690 quaecumque
735 634 889 674 demum
914 634 1116 685 existunt,
1150 647 1172 674 e
1197 632 1316 674 nihilo
1349 636 1527 690 perfecit.
1586 632 1692 676 Nam

143 715 244 759 quae
273 702 323 744 ab
356 702 441 759 ipso
474 702 631 744 condita
665 708 780 754 suut,
832 715 1008 757 quaeque
1042 701 1335 758 incomparabili
1369 701 1455 743 eius
1489 701 1693 744 divinitate

144 770 470 827 longeinl'eriora
497 777 613 822 sunt,
659 785 736 811 non
763 770 955 812 adversus
986 770 1108 825 ipsum
1144 770 1366 826 excogitata
1400 771 1582 822 suerunt,
1623 771 1693 813 sed

143 839 195 885 td
221 837 311 881 eius
338 838 527 881 bonorem
561 853 608 880 ac
629 838 821 894 gloriam,
864 846 907 880 ιιι
935 839 1181 894 magnificam
1215 845 1257 880 et
1282 838 1454 880 invidiae
1488 846 1692 895 expertem

143 905 258 951 itti-⁸.
278 907 523 950 divinitatem
560 907 751 949 indicent.
826 904 941 961 Quae
979 907 1132 963 quidem
1169 907 1335 964 ipsamet
1372 914 1433 948 est
1466 907 1620 949 bouitas
1653 915 1691 950 et

141 975 388 1040 substantia,
433 989 533 1032 quae
554 990 640 1017 cum
663 976 713 1018 iis
736 975 854 1017 rebus
884 989 980 1031 quas
1004 989 1027 1017 e
1051 976 1172 1017 nihilo
1195 975 1348 1017 creavit
1378 989 1449 1016 sua
1477 976 1692 1017 communi-

146 1050 238 1096 eat,
269 1044 505 1100 easdemque
528 1051 568 1086 et
590 1058 681 1086 esse
703 1044 787 1085 vult
809 1050 851 1085 et
871 1058 1182 1100 unamquamque
1206 1058 1276 1101 pro
1300 1050 1462 1085 naturae
1484 1057 1579 1086 suae
1601 1058 1694 1086 cou-

145 1111 295 1155 &tiene
318 1125 480 1154 suorum
503 1112 783 1154 beneficiorum
808 1124 899 1154 esse
917 1113 1160 1169 participem.
1220 1110 1334 1155 Unde
1358 1118 1400 1154 et
1418 1112 1614 1154 sideribus
1638 1113 1695 1155 lu-

144 1193 233 1224 οε·
253 1178 475 1237 inpertitus
497 1188 583 1231 est,
615 1187 656 1222 et
674 1181 787 1223 coelo
807 1181 1083 1238 descriptionis
1103 1181 1329 1237 ordinisque
1352 1180 1691 1237 pulchritudinem,

146 1255 190 1292 et.
210 1256 367 1300 terrae,
407 1249 630 1305 ceterisque
645 1280 660 1302 ,
700 1263 771 1306 pro
794 1263 843 1291 eo
866 1264 913 1291 ac
936 1250 1060 1291 voluit
1083 1257 1231 1305 partem
1256 1249 1424 1304 aliquam
1456 1250 1613 1292 virtutis
1635 1257 1694 1292 at·

147 1316 309 1368 triti-it,
350 1323 392 1359 et
411 1318 563 1372 angelis
586 1331 631 1359 ac
653 1318 814 1374 reliquis
835 1318 983 1360 sanctis
1013 1318 1210 1360 mentibus
1242 1317 1573 1360 immortalitatem
1599 1333 1694 1360 con-

146 1386 295 1437 eunii,
324 1391 368 1428 et
396 1385 591 1428 bominem
625 1387 792 1442 denique
813 1385 996 1441 imaginis
1017 1386 1230 1442 dignitate,
1274 1387 1378 1439 vita,
1418 1386 1606 1439 scientia,
1647 1401 1694 1430 ac

145 1453 315 1497 ationis
345 1453 504 1510 proprio
538 1468 702 1496 munere
736 1455 912 1497 donavit.
976 1453 1093 1510 Quod
1127 1456 1280 1511 quidem
1314 1455 1439 1511 ipsum
1475 1470 1553 1497 non
1589 1455 1693 1498 illius

144 1523 188 1566 i·
213 1522 301 1565 sol·
324 1522 527 1564 voluntate
551 1523 717 1577 positum
745 1524 835 1575 luit,
867 1523 978 1579 quasi
1000 1524 1243 1574 cunctando,
1284 1522 1384 1565 etin
1408 1524 1576 1566 futurum
1600 1525 1694 1566 deli-

145 1590 343 1643 mue,
384 1597 427 1633 ιιι
446 1590 499 1632 ita
527 1592 679 1643 dicam,
724 1593 823 1647 apud
847 1606 891 1634 se
915 1599 1126 1644 tractaret,
1167 1592 1235 1634 sed
1268 1606 1339 1648 pro
1361 1592 1549 1648 ipsamet,
1592 1606 1693 1648 quae

143 1658 188 1704 in
206 1658 275 1702 itto
293 1665 377 1711 est,
407 1658 584 1714 bonitate
607 1660 796 1716 perfecit,
829 1660 941 1702 cuius
965 1660 1037 1702 hoc
1062 1660 1259 1717 proprium
1283 1667 1366 1712 est,
1410 1666 1453 1703 ut
1473 1674 1693 1716 congruen-

145 1734 210 1772 ter
230 1727 306 1771 sibi
331 1726 555 1780 contiueat,
597 1728 739 1770 efficiat
758 1743 805 1771 ac
829 1730 988 1771 molitur
1008 1729 1154 1771 omnia.
1217 1726 1553 1783 Quemadmodum
1575 1729 1694 1784 igitur

145 1795 248 1852 quod
272 1795 417 1838 dietum
444 1803 528 1848 est,
564 1796 658 1839 nihil
684 1797 885 1852 iudignum
908 1805 975 1839 aut
998 1796 1186 1839 indecens
1211 1796 1374 1838 bonitati
1397 1798 1484 1840 eius
1505 1798 1690 1854 aspersit,

144 1865 215 1908 sed
234 1863 400 1921 gloriam
421 1878 469 1906 ac
491 1879 578 1906 cum
602 1865 894 1922 praedicatione
913 1866 1160 1907 coniunctam
1181 1865 1372 1921 largitatis
1398 1879 1494 1907 suae
1514 1866 1693 1908 notitiam

145 1932 322 1990 peperit,
354 1932 418 1975 ubi
444 1933 492 1975 ad
518 1947 654 1975 eorum
677 1948 774 1990 quos
796 1933 969 1976 condidit
994 1935 1258 1988 cognitionem
1285 1948 1524 1990 sensumque
1551 1949 1693 1991 perve-

145 2000 228 2053 nit,
269 2000 323 2043 ita
344 2008 385 2043 et
404 2014 554 2043 summa
587 2002 626 2043 in
647 2016 695 2044 eo
716 2002 932 2044 divinitatis
956 2003 1080 2059 gloria
1106 2011 1191 2055 est,
1219 2018 1316 2057 „nou
1348 2004 1412 2045 illa
1440 2003 1594 2060 quidem
1619 2018 1691 2047 ex-

145 2067 343 2112 trinsecus
371 2068 520 2111 adscita
551 2072 646 2122 (nec
670 2070 774 2113 enim
809 2070 982 2113 divinum
1019 2085 1162 2114 numen
1186 2072 1456 2114 accessionem
1484 2072 1600 2114 ullam
1629 2087 1692 2115 re-

144 2136 287 2194 quirit,
329 2137 470 2194 quippe
501 2152 588 2180 cum
622 2139 785 2195 ipsamet
818 2139 944 2195 gloria
972 2139 1050 2191 sit,
1101 2140 1226 2182 virtus
1258 2141 1365 2197 ipsa,
1412 2140 1691 2184 admirabilitas

143 2203 255 2263 ipsa,
294 2205 380 2262 ipsa
416 2204 695 2262 praedicatio),
741 2206 815 2248 boc
847 2208 1003 2263 inquam
1026 2207 1066 2249 iu
1089 2208 1192 2250 illius
1223 2207 1388 2264 gloriam
1421 2209 1548 2261 cedit,
1589 2210 1692 2266 quod

144 2279 259 2331 pater
281 2272 366 2330 ipse
385 2281 552 2329 generet
574 2288 598 2315 a
620 2274 727 2316 nullo
746 2275 927 2330 genitus,
960 2282 1002 2318 ut
1020 2289 1072 2318 ex
1095 2277 1256 2332 perenni
1285 2279 1390 2319 t'onte
1413 2278 1598 2333 perennis
1624 2291 1691 2319 ae-

145 2355 222 2399 que
244 2342 335 2385 [oua
355 2348 536 2394 emanet,
570 2355 656 2384 cum
678 2343 764 2399 ipso
785 2350 825 2385 et
849 2357 900 2385 ex
923 2343 1036 2400 ipso,
1068 2358 1091 2386 e
1117 2346 1248 2397 l'onte,
1281 2346 1462 2401 inquam,
1496 2347 1584 2387 l'ons
1604 2346 1691 2387 cxi-

143 2417 280 2463 stent,
317 2411 415 2453 deus
437 2424 491 2452 ex
514 2411 615 2462 deo,
656 2411 787 2453 lumen
809 2411 856 2453 de
886 2411 1056 2464 lumine,
1099 2413 1164 2468 qui
1186 2413 1272 2455 sine
1296 2414 1375 2455 ullo
1399 2412 1511 2455 initio
1535 2426 1692 2470 semper

146 2477 247 2531 tuit,
287 2492 366 2523 non
388 2479 589 2521 subiectus
611 2478 801 2533 tempori,
845 2479 944 2522 adeo
966 2486 1007 2522 ιιι
1030 2487 1072 2523 et
1091 2487 1242 2537 patrem
1267 2482 1366 2523 tilius
1389 2481 1430 2523 in
1453 2495 1496 2524 se
1519 2495 1615 2524 vere
1637 2483 1690 2524 sit

145 2546 400 2604 conplexus,
433 2554 474 2588 et
497 2554 608 2603 pater
635 2547 771 2599 lilium,
799 2547 864 2603 qui
886 2561 960 2590 uec
983 2548 1048 2590 illo
1070 2549 1252 2604 indignus
1276 2557 1362 2600 cst,
1396 2563 1468 2591 nec
1490 2551 1690 2607 incompa-

145 2614 260 2661 abitt
287 2614 373 2658 eiu·
405 2616 667 2658 excellentiae
690 2615 895 2671 quicquam
917 2616 1100 2659 detrabit.
1163 2614 1364 2672 Siquidem
1389 2632 1465 2660 non
1497 2633 1689 2675 corporea

147 2683 337 2740 quedam
364 2683 567 2726 distractio
587 2684 713 2726 locum
739 2682 815 2726 illic
843 2683 980 2735 habet,
1024 2685 1093 2727 sed
1117 2684 1278 2726 verbum
1304 2685 1547 2739 subsistens,
1593 2688 1691 2731 deus

147 2764 171 2794 a
192 2758 301 2808 patre
333 2752 576 2807 procedens,
620 2751 780 2809 spiritus
811 2766 831 2793 a
854 2751 1015 2807 spiritu,
1061 2753 1157 2794 deus
1184 2766 1235 2794 ex
1261 2753 1357 2804 deo,
1405 2768 1542 2797 omnes
1567 2756 1689 2813 syllo-

147 2818 361 2876 gismorum
383 2820 558 2875 argutias
578 2820 816 2870 excludens,
849 2834 894 2860 ac
917 2819 1092 2862 fidelibus
1115 2819 1235 2862 vitam
1258 2820 1496 2874 concilians,
1529 2824 1687 2868 univer·

148 2885 282 2944 sisque
311 2901 409 2944 quos
432 2895 543 2945 pater
567 2901 636 2945 per
661 2888 785 2945 ipsum
808 2895 847 2930 et
871 2887 918 2929 ab
942 2886 1027 2944 ipso
1055 2889 1262 2944 produxit,
1305 2889 1379 2932 lide
1399 2890 1603 2946 nimirum,
1648 2900 1688 2937 et

149 2955 373 3012 cognitione
394 2955 603 3010 praeditis,
637 2957 700 3013 qui
722 2956 783 2999 dei
807 2956 884 2998 vim
906 2970 952 2997 ac
974 2956 1227 3012 sapientiam,
1270 2971 1371 3013 quae
1393 2957 1685 3016 inquisitionem

147 3046 242 3087 ηιρο
262 3046 375 3080 aum
398 3043 516 3082 cuo».
985 3045 1015 3081 7.
1041 3044 1202 3083 ινδιιῑται
1231 3047 1322 3083 coda.
1345 3058 1418 3086 ιω.
1440 3053 1469 3085 ιι
1491 3052 1565 3087 cau.
1584 3054 1686 3095 prm
