2020 3276
0 2715 7 2847 ὲ

0 2849 7 2934 ἔ

329 241 516 278 ΡΔΝΑΒΙΙ
539 241 623 274 LlB.
647 241 708 274 111.
731 240 843 275 Tou.
869 241 910 274 11.
933 240 1090 275 EXPOS.
1114 240 1199 273 FlD.
1226 239 1417 273 cATHoL.
1567 230 1652 272 499

96 321 303 385 προῃροῦ.
321 321 418 364 nibil
443 334 575 377 posse.
639 320 700 363 Ad
726 319 824 362 haec
848 320 1017 362 animam
1053 320 1163 362 varia
1186 320 1224 362 in
1249 319 1432 361 animalia
1463 318 1650 361 transire.

98 389 201 442 keu
237 389 438 448 discipulis
473 388 556 432 suis
597 388 887 445 quinquennale
927 388 1125 430 silentium
1161 388 1372 431 indicebat.
1445 386 1654 430 Postremo

87 459 213 510 Aluum
243 472 336 504 sene
366 458 571 507 nominare
599 471 720 501 ausus
750 465 827 499 est.

95 542 150 577 uz„
174 525 509 584 :zm-iomanes,
551 523 788 570 Ortbumeni
823 525 948 577 lilius,
992 523 1265 581 Colophonius
1298 539 1321 567 e
1350 532 1457 566 terra
1487 532 1528 566 et
1552 537 1654 580 aqua

101 603 318 655 propagata
340 609 430 638 esse
454 594 555 637 dixit
575 594 729 645 omnia,
773 608 900 649 neque
927 594 1132 649 quicquam
1160 594 1199 635 in
1229 594 1304 635 ulla
1331 607 1373 635 re
1398 593 1578 634 veritatis
1597 593 1657 634 in—

99 677 216 718 “003
259 664 319 707 sic
342 663 534 706 incertum
556 663 808 719 ignotumque
836 676 974 704 verum
999 676 1104 704 esse.
1168 660 1315 718 Opinio
1345 676 1441 703 vero
1458 693 1469 713 ,
1511 661 1652 717 inquit,

100 732 247 790 ubique
273 739 484 784 versatur,
519 732 751 788 praesertim
782 730 822 774 in
854 731 1047 773 obscuris.

214 799 501 853 Parmenides,
545 799 702 857 l‘yretis
736 799 863 852 lilius,
910 799 1038 856 patria
1069 797 1256 851 Eleates,
1301 798 1493 841 inlinitum
1529 797 1659 840 aiebat

102 869 279 921 omnium
309 883 442 913 rerum
473 883 564 911 esse
596 868 843 925 principium.

217 937 357 991 Zeno,
391 937 577 989 Eleates,
612 936 834 988 Erisficus,
868 937 954 979 sive
979 934 1289 989 contentiosus,
1324 951 1411 978 cuin
1442 936 1579 977 eadem
1603 935 1660 976 al-

99 1015 192 1058 ²⁸1⁰
219 1021 312 1053 enm
336 1005 503 1049 Zenone
537 1005 760 1056 sentiebat,
805 1012 884 1048 tum
909 1004 1147 1047 immobilem
1174 1018 1264 1047 esse
1290 1012 1462 1055 terram,
1506 1018 1579 1046 nec
1601 1003 1660 1044 in-

99 1091 220 1127 men
249 1077 369 1120 ullum
403 1089 494 1118 esse
527 1074 671 1117 locum.
733 1073 844 1129 Ergo
866 1075 922 1116 ita
943 1073 1187 1130 disputabat:
1233 1071 1429 1129 Quicquid
1465 1079 1660 1124 movetur,

104 1145 240 1194 autin
264 1158 313 1188 eo
335 1144 376 1187 iu
401 1158 480 1200 quo
504 1150 566 1185 est
588 1143 677 1186 loco
699 1150 904 1196 movetur,
938 1142 1066 1184 autin
1092 1157 1170 1198 quo
1197 1156 1275 1183 non
1301 1149 1376 1184 est.
1438 1140 1563 1197 Atqui
1590 1155 1663 1183 nec

109 1215 150 1260 in
179 1228 259 1271 quo
287 1213 394 1256 inest
421 1213 533 1264 loco,
566 1226 640 1254 nec
670 1212 709 1254 in
733 1226 808 1267 quo
835 1226 914 1254 non
940 1211 1045 1252 inest
1074 1218 1281 1264 movetur3
1314 1210 1409 1252 nihil
1439 1211 1560 1266 igitur
1581 1225 1663 1252 mo-

110 1290 243 1328 vetur.
992 1272 1000 1282 ’

220 1349 436 1402 Melissus,
480 1347 682 1404 Itbagenis
707 1349 832 1401 lilius,
873 1346 1057 1400 Samius,
1101 1363 1219 1390 unum
1247 1362 1337 1391 esse
1359 1348 1495 1391 delinit
1515 1348 1662 1399 omnia,

110 1433 238 1477 neque
261 1419 467 1476 quicquam
494 1417 534 1459 in
563 1425 702 1459 natura
729 1431 819 1460 esse
841 1424 1030 1459 constans
1055 1424 1123 1459 aut
1147 1425 1375 1474 perpetuum
1392 1449 1403 1469 ,
1437 1418 1506 1459 sed
1534 1417 1666 1458 omnia

109 1489 151 1534 vi
180 1501 273 1532 ease
302 1486 589 1543 corruptibilia.

222 1554 451 1613 Leucippus
472 1553 656 1597 Milesius
679 1553 877 1610 (Eleatem
901 1554 967 1596 alii
992 1554 1160 1609 faciunt)
1183 1568 1234 1596 ex
1261 1553 1522 1597 Eristicorum
1545 1567 1666 1610 grege

111 1626 342 1675 universum
365 1625 404 1668 in
428 1623 581 1666 infinito
608 1624 760 1667 versari
783 1623 931 1665 docuit.
994 1622 1122 1666 Porro
1143 1622 1274 1665 omnia
1301 1624 1384 1666 sola
1417 1623 1550 1680 specie
1585 1622 1668 1678 opi-

114 1695 312 1751 nioneque
343 1700 555 1744 constare,
601 1692 769 1734 veritate
794 1694 877 1748 ipsa
899 1691 1016 1743 nihil,
1059 1693 1128 1734 sed
1163 1706 1353 1748 apparere
1376 1692 1428 1734 ita
1459 1692 1667 1743 duntaxat,

99 1762 279 1821 ‘perinde
309 1775 357 1806 ae
385 1775 519 1805 remus
549 1761 588 1803 in
619 1775 758 1817 aquam
790 1762 1011 1803 demersus.

192 1829 508 1882 'Dauom-itus,
562 1828 790 1886 Damasippi
837 1830 962 1882 filius,
1013 1829 1204 1872 Abderita
1251 1829 1432 1871 mundum
1478 1829 1670 1871 infinitum

106 1898 345 1951 »mutium
389 1913 437 1942 ac
482 1913 600 1956 supra
642 1898 760 1941 inane
800 1899 944 1954 posuit.
1021 1897 1236 1940 Praeterea
1274 1912 1392 1941 unum
1431 1911 1522 1940 esse
1555 1898 1670 1940 finem

118 1968 316 2020 omnium,
348 1974 400 2016 vet
423 1967 543 2015 animi
567 1967 885 2023 tranquillitatem
911 1967 1095 2023 optimum
1123 1981 1237 2018 esse,
1283 1967 1440 2009 dolores
1462 1980 1559 2008 vero
1582 1966 1672 2008 mali

117 2035 247 2080 omnis
276 2035 469 2080 terminos
501 2035 687 2079 assernit.
750 2034 866 2091 Quod
902 2035 1045 2078 iustum
1083 2036 1261 2087 videtur,
1310 2049 1551 2091 nequaquam
1584 2047 1674 2077 esse

118 2107 288 2157 iustum,
331 2104 517 2147 iniustum
551 2118 649 2147 vero
682 2110 846 2146 naturae
871 2118 961 2147 esse
987 2104 1244 2148 contrarium.
1308 2102 1393 2147 lmo
1419 2118 1515 2146 vero
1550 2103 1676 2160 pessi-

119 2188 223 2217 mum
247 2173 448 2215 inventum
473 2172 583 2228 leges
604 2172 845 2229 appellabat,
890 2187 963 2215 nec
988 2173 1036 2215 iis
1059 2187 1198 2229 parere
1222 2173 1438 2229 sapientem
1473 2179 1674 2229 oportere,

119 2243 191 2287 sed
222 2242 262 2285 in
291 2255 445 2285 summa
475 2240 657 2283 libertate
688 2240 841 2283 vivere.

233 2308 491 2354 Metrodorus
529 2306 654 2353 Chius
688 2309 783 2351 nibil
804 2324 826 2351 a
848 2324 1041 2366 quoquam
1069 2309 1162 2352 seiri
1198 2309 1336 2352 voluit.
1401 2308 1575 2360 Verum,
1618 2309 1677 2350 in-

119 2380 202 2437 quit
217 2411 230 2432 ‚
262 2393 362 2436 quae
384 2392 504 2421 nosse
527 2378 727 2429 videmur,
760 2385 944 2422 accurate
968 2393 1047 2421 non
1070 2377 1351 2434 intelligimus3
1397 2391 1523 2433 neque
1548 2377 1677 2419 sensi-

121 2449 197 2493 bu·
224 2448 444 2491 adhibenda
475 2447 571 2488 tides
602 2453 689 2488 est:
722 2446 852 2488 omnia
882 2446 1022 2503 quippe
1053 2447 1238 2503 opinione
1269 2453 1468 2489 constant.

237 2514 503 2572 Protagoras,
537 2512 747 2556 Menandri
774 2514 899 2563 fitius,
947 2514 1138 2558 Abderita
1161 2516 1256 2558 deos
1282 2528 1372 2557 esse
1395 2514 1588 2570 negabat,
1633 2528 1678 2555 ac

126 2584 371 2630 divinitatem
402 2598 558 2626 omnem
590 2583 764 2625 funditus
795 2582 972 2626 tollebat.

232 2651 444 2709 ‚Diogenes
471 2650 720 2709 Smyrnaeus
753 2650 840 2703 vel,
883 2657 926 2694 ut
946 2650 1011 2693 alii
1037 2652 1198 2703 volunt,
1248 2650 1484 2709 Cyrenaeus
1515 2650 1679 2693 eandem

129 2736 217 2766 cum
250 2719 470 2779 Protagora
499 2719 723 2777 opinionem
756 2719 895 2762 tenuit.

239 2787 397 2847 Pyrrho
418 2788 618 2832 Elidensis
645 2788 822 2831 collectis
849 2788 887 2829 in
912 2802 1029 2830 unum
1066 2788 1285 2844 sapientum
1319 2787 1490 2830 omnium
1523 2787 1682 2843 dogma-

131 2858 234 2902 tibus
266 2857 556 2900 confutationes
591 2872 726 2899 eorum
758 2856 940 2912 scripsit,
984 2863 1024 2897 et
1055 2857 1207 2898 eversis
1243 2856 1397 2898 illorum
1433 2855 1684 2913 opinionibus

132 2927 277 2973 nullam
309 2927 516 2983 amplexus
546 2933 621 2968 est.

248 2992 533 3051 Empedocles,
589 2991 766 3036 Metonis
813 2993 936 3044 lilius,
987 2991 1272 3049 Agrigentinus
1311 2993 1468 3048 ignem,
1518 3001 1679 3046 terram,

1303 3062 1398 3105 32*
