2020 3276
430 199 612 235 rmum
636 199 720 234 un.
739 200 798 234 ιιι.
816 200 925 234 rom.
945 201 973 234 ι.
997 200 1131 234 mun.
1151 200 1311 234 Lxxv1.
1556 191 1633 233 291

100 281 280 339 ψ,
310 294 410 337 quae
430 279 632 335 dignitatis
651 292 746 322 snae
770 279 1019 335 appellationi
1040 280 1179 335 cuique
1200 286 1466 322 consentanee
1487 292 1644 336 semper

99 349 252 399 m.
307 347 415 392 Nan
437 362 507 404 per
525 346 673 404 ipsam,
705 354 747 389 et
768 361 846 388 non
873 353 1013 398 extra,
1046 361 1145 401 quae
1171 348 1273 389 sacta
1299 355 1412 400 sunt,
1454 362 1545 390 cnm
1563 361 1643 389 non

94 424 261 470 mut,
306 417 493 474 producta
527 422 636 458 sunt.
697 415 787 457 ldeo
828 428 956 470 neque
992 415 1099 456 solus
1137 429 1206 470 per
1234 429 1325 458 sese
1358 423 1470 472 pater
1501 429 1642 458 caussa

92 491 163 536 fl
185 484 431 531 muitarum
462 497 619 535 rerum,
664 483 738 525 sed
759 489 870 539 pater
894 490 934 524 et
973 482 1075 524 mins
1096 490 1137 524 et
1170 484 1335 538 spiritus.
1359 491 1521 526 sanctus
1553 497 1643 539 pro-

92 553 251 603 metit
280 553 427 597 omnia.
487 549 605 606 Quod
632 551 665 593 si
688 551 842 594 alienus
873 557 982 592 esset
1002 551 1126 602 lilius,
1169 557 1286 606 atque
1312 565 1336 593 a
1356 552 1546 608 principio
1571 565 1645 594 suo

96 621 272 672 mn
304 620 488 667 “istem
517 619 711 676 originem
742 618 966 670 habuisset,
1011 633 1098 660 cnm
1134 619 1279 660 ceteris
1311 619 1491 661 omnibus
1520 620 1570 661 ab
1596 633 1645 662 eo

98 690 299 748 postam
320 688 496 745 aequalis
519 695 628 731 esset
650 687 854 740 omnibus,
885 687 987 729 unde
1007 694 1048 728 et
1069 686 1166 729 deus
1190 701 1269 728 non
1292 688 1544 741 generando,
1575 688 1646 730 sed

97 757 347 816 mercando
363 755 594 814 principium
613 755 840 807 baberetur,
871 755 1034 810 fierique
1054 769 1132 796 non
1154 761 1287 810 posset
1306 755 1471 810 amplius
1485 763 1528 797 ut
1543 769 1646 798 unns

97 825 257 882 genitus
278 839 325 868 ac
347 824 474 877 mina,
515 831 648 867 cetera
681 837 778 866 vero
802 829 1007 866 creaturae
1037 823 1289 874 dicerentur,
1331 825 1400 865 sed
1432 823 1497 866 vel
1517 823 1647 866 omnia

96 893 221 952 geniti
240 893 401 938 nomine
422 891 742 943 continerentur,
782 892 848 934 vel
877 891 983 933 fitius
1012 891 1097 948 ipse
1122 891 1283 947 perinde
1307 905 1354 934 ac
1378 898 1511 933 cetera
1535 905 1647 934 crea·

100 969 191 1011 tm
213 961 435 1013 diceretur,
477 974 604 1016 neque
628 960 834 1015 quicquam
855 959 896 1004 in
920 973 968 1000 co
995 966 1105 1002 esset
1127 959 1340 1011 eximinm3
1384 973 1470 1001 eum
1495 960 1568 1002 hae
1593 973 1647 1002 ex

99 1037 249 1089 m,
276 1031 380 1091 quad
401 1043 454 1071 ex
476 1028 600 1073 nihilo
618 1029 830 1084 productus
854 1028 980 1080 soret,
1026 1042 1125 1070 unns
1156 1027 1224 1070 ille
1247 1042 1334 1070 cum
1359 1027 1504 1069 ceteris
1530 1028 1647 1070 adae-

101 1104 290 1155 W
309 1097 515 1150 Μίδαις
543 1096 642 1141 adeo
664 1103 710 1138 ut
731 1110 809 1141 non
831 1096 947 1138 modo
969 1096 1100 1151 angeli
1124 1109 1209 1138 cum
1234 1096 1439 1138 conditore
1463 1110 1511 1138 ac
1537 1110 1647 1138 crea·

101 1173 193 1214 tna.
209 1179 284 1213 aaa
305 1165 423 1211 unico
444 1164 643 1216 deifilio„
667 1164 739 1207 sed
762 1170 805 1207 et
827 1163 1005 1207 homines
1029 1171 1070 1205 et
1088 1165 1256 1220 pecudes
1279 1166 1568 1220 adaequentur,
1600 1178 1648 1206 ac

101 1241 241 1282 oeten
263 1247 364 1291 quae
392 1233 446 1280 ab
469 1233 573 1278 illins
602 1239 742 1275 natura
771 1245 818 1274 ac
845 1231 1033 1287 dignitate
1063 1231 1219 1274 infinito
1250 1233 1460 1275 intervallo
1483 1233 1644 1274 distant.

103 1299 230 1358 Igitur
249 1302 353 1344 filins
372 1301 551 1343 existens
571 1315 657 1343 enm
678 1299 877 1342 existente
895 1306 1006 1356 patre
1026 1308 1212 1342 aeternus
1232 1307 1308 1352 est,
1341 1300 1390 1342 ab
1414 1314 1546 1356 eoque.
1560 1301 1648 1344 sine

104 1377 304 1427 tempore,
335 1383 414 1412 non
436 1383 459 1411 e
481 1369 602 1410 nihilo
618 1399 629 1420 ,
662 1369 731 1410 sed
751 1381 804 1410 ex
826 1368 913 1424 ipso
935 1382 978 1410 re
998 1382 1093 1410 vera
1115 1368 1294 1423 genitus,
1326 1375 1464 1424 estque
1486 1368 1648 1425 spiritus

103 1437 188 1481 eiua
208 1444 370 1481 sanctus
392 1436 439 1479 ab
459 1436 564 1479 illius
584 1443 724 1478 natura
745 1450 823 1478 non
844 1436 1012 1488 alienus,
1045 1450 1172 1492 neque
1196 1436 1301 1478 velut
1323 1435 1534 1478 adiumenti
1557 1450 1648 1492 gra-

102 1505 181 1559 tia,
211 1513 255 1548 ut
285 1505 425 1548 Aetius
455 1504 680 1556 existimat,
711 1518 736 1545 a
765 1505 839 1546 deo
869 1511 1132 1559 comparatus.

214 1573 325 1619 Aelii
349 1570 480 1629 Caput
498 1570 664 1616 xxiv.
725 1570 771 1615 Si
796 1571 1014 1628 ingenitum
1047 1573 1215 1628 privatio
1237 1573 1425 1628 quaedam
1459 1580 1543 1624 eet,
1587 1580 1648 1614 est

101 1647 234 1688 autem
263 1641 434 1698 privatio
462 1640 682 1684 affectionis
715 1640 900 1692 amissio,
941 1640 1103 1684 amissio
1132 1654 1249 1697 porro
1280 1642 1434 1698 penitus
1465 1655 1489 1683 e
1518 1641 1647 1683 medio

102 1709 273 1763 tollitur,
313 1715 382 1752 ant
417 1708 456 1750 in
488 1709 653 1750 alterum
683 1715 969 1760 commutatur,
1012 1722 1180 1764 quonam
1211 1717 1323 1765 pacto
1351 1709 1560 1751 affectione
1584 1709 1650 1750 illa

102 1784 332 1827 “amunta
351 1784 421 1822 aut
440 1784 648 1834 pereunte,
679 1776 752 1819 hoc
773 1783 836 1820 est
853 1776 1020 1834 ingeniti
1037 1776 1313 1833 appellatione,
1346 1778 1408 1820 dei
1430 1777 1650 1821 substantia

103 1845 474 1904 manhatum?

217 1911 382 1959 Confnt.
406 1911 570 1956 xxiv.
633 1910 678 1956 Si
699 1928 803 1956 nunc
824 1914 989 1970 primum
1012 1928 1036 1955 a
1055 1921 1094 1956 te
1117 1920 1158 1956 et
1180 1928 1204 1956 a
1229 1915 1322 1966 tuis,
1355 1914 1466 1968 Acti,
1500 1922 1650 1971 tempo·

104 1982 217 2030 ribo
236 1989 347 2029 certa
375 1981 423 2026 de
449 1982 523 2025 deo
543 1980 676 2038 opinio
699 1981 776 2025 tuis
798 1995 851 2025 ex
874 1982 1113 2039 syllogismis
1137 1989 1200 2025 est
1220 1983 1267 2024 ad
1290 1983 1465 2026 eiusdem
1484 1983 1649 2039 gloriam

105 2052 374 2110 honoremque
387 2049 633 2110 deprompta,
652 2050 972 2106 quemadmodum
991 2058 1109 2096 autea
1129 2052 1333 2107 professus
1351 2064 1411 2103 es,
1439 2065 1515 2107 ego
1535 2066 1648 2105 vero,

105 2120 174 2178 qui
192 2120 384 2167 adversus
406 2124 471 2170 tc,
501 2118 575 2161 deo
597 2118 837 2175 opitulante,
869 2118 1039 2175 disputo,
1071 2119 1208 2163 eadem
1232 2133 1332 2175 quae
1351 2126 1392 2161 tu
1415 2120 1513 2165 dicis
1536 2134 1652 2163 usur-

107 2201 206 2247 pre
228 2194 391 2246 putero,
434 2199 522 2228 cum
555 2186 803 2242 antiquorum
838 2201 955 2232 nemo
986 2194 1062 2229 tam
1095 2188 1136 2230 in
1161 2194 1297 2230 vetere
1330 2201 1445 2243 quam
1476 2188 1515 2231 in
1546 2203 1652 2231 novo

106 2262 365 2308 tegumento,
408 2254 495 2296 aive
517 2267 571 2297 ex
590 2254 803 2310 apostolis,
844 2255 931 2297 sive
963 2269 1017 2298 ex
1041 2255 1240 2312 prophetis
1271 2256 1324 2297 ita
1347 2256 1540 2307 senserit,
1585 2263 1652 2298 tuo

107 2332 148 2375 te
178 2324 323 2371 iudicio
361 2322 425 2366 vel
459 2322 545 2379 ipso
580 2322 653 2364 deo
684 2322 1009 2378 praestantiorem
1042 2337 1158 2376 esse,
1212 2331 1251 2366 et
1290 2323 1340 2366 ab
1373 2337 1510 2372 errore
1546 2322 1653 2365 omni

106 2400 317 2442 remma.
376 2390 536 2436 Etenim
568 2390 640 2432 abs
673 2397 711 2432 te
743 2390 931 2446 primum,
971 2398 1009 2434 et
1046 2405 1101 2434 ex
1135 2391 1210 2433 hoc
1238 2398 1412 2448 tempore
1446 2392 1569 2444 deus,
1612 2397 1656 2433 ut

107 2474 292 2511 mem
317 2459 489 2512 videris,
523 2466 628 2501 tuum
652 2458 743 2500 illud
766 2458 992 2502 dialecticae
1023 2459 1248 2503 subtilitatis
1276 2459 1504 2511 artificium,
1546 2458 1656 2502 velut

109 2529 301 2587 quandam
335 2527 422 2570 fidei
445 2540 541 2569 suae
566 2525 835 2568 accessionem
858 2525 1024 2580 adiecit,
1066 2535 1109 2570 ut
1130 2534 1219 2584 puta
1248 2534 1368 2569 totam
1394 2526 1498 2569 illam
1523 2526 1655 2584 dispu-

109 2597 301 2641 tationem
317 2596 365 2639 de
386 2593 551 2652 ingeniti
573 2594 816 2651 privatione,
848 2594 973 2651 deque
995 2596 1131 2652 genito
1151 2609 1198 2637 ac
1219 2595 1266 2637 de
1293 2595 1516 2638 affectionis
1536 2596 1657 2638 amis-

110 2664 223 2711 n'one
257 2665 456 2723 perfecta,
498 2663 584 2706 sive
617 2662 943 2715 commutatione,
984 2677 1031 2707 ao
1059 2664 1108 2706 de
1139 2663 1398 2719 appellatione
1420 2662 1509 2715 dei,
1555 2677 1656 2719 qnae

111 2733 355 2778 substantiae
373 2732 495 2790 ipsius
516 2731 714 2773 tribuitur.
761 2729 918 2772 Etenim
940 2744 1018 2773 non
1042 2730 1205 2783 idcirco,
1237 2731 1339 2787 quod
1364 2731 1460 2773 deus
1483 2731 1656 2774 omnium

111 2809 204 2860 put
219 2802 377 2848 naieam
408 2802 526 2846 fllium
550 2814 595 2842 ac
620 2798 798 2857 spiritum
829 2805 1009 2841 sanctum
1034 2806 1264 2855 procreator
1288 2799 1362 2851 sit,
1406 2812 1460 2842 ex
1484 2800 1657 2843 condita·

111 2882 199 2919 rum
220 2884 351 2914 rerum
374 2869 670 2922 constitutione,
702 2874 769 2910 aut
789 2880 925 2909 eorum
950 2880 1050 2923 quae
1069 2867 1211 2910 absunt
1231 2882 1253 2909 a
1274 2868 1348 2910 deo
1371 2867 1553 2924 privatio,
1588 2877 1658 2911 aut

158 2981 191 3020 4.
214 2985 358 3019 tortam
380 2982 556 3028 καθίστης.
951 2979 984 3015 6.
1018 2980 1158 3025 κτίστην
1181 2982 1272 3016 codd.
1295 2991 1368 3016 aas.
1401 2985 1429 3015 et
1459 2982 1530 3016 edit.
1554 2985 1655 3025 princ.

158 3029 191 3064 b.
212 3025 427 3074 ἅληιστυιὴν
449 3030 516 3063 eod.
535 3029 665 3070 mdiu.
907 3025 1046 3071 κτιστῆν
1069 3028 1142 3060 edu.
1167 3028 1278 3062 Pttnv.

1284 3085 1383 3128 19*
