2020 3276
343 230 527 266 nuum
550 231 636 266 Lm.
655 231 712 266 tn.
747 230 857 266 Tou.
874 231 915 264 11.
948 231 1105 265 mos.
1129 230 1214 263 1²11).
1240 230 1430 265 cATHot..
1578 221 1660 264 533

113 319 228 367 unt,
267 325 321 356 ne
344 318 514 354 aetatem
545 311 585 353 iu
619 310 701 352 otio
728 311 941 367 degerent,
984 317 1052 352 aut
1083 309 1212 353 cibum
1242 324 1330 352 cum
1353 310 1579 366 cuiusquam
1603 310 1665 352 iu-

114 381 325 426 cem-odo
353 386 570 424 sumerent.
630 377 778 436 Magna
811 392 909 422 vero
942 392 994 420 ex
1029 385 1139 435 parte
1165 378 1204 420 in
1231 379 1486 421 decantandis
1506 378 1668 435 psalmis,

112 449 379 507 *perpetuis
397 447 640 492 orationibus
664 455 704 490 et
726 461 927 490 sacrarum
948 446 1166 489 litterarum
1189 447 1424 489 lectionibus
1445 447 1664 504 iisdemque

112 517 344 563 amenter
370 516 669 575 pronuntiandis
699 517 854 573 seipsos
885 522 1093 558 exercent.

177 583 309 629 Iam
330 599 430 628 vero
452 584 747 644 hospitalitatis,
779 584 1048 636 humanitatis,
1082 590 1123 625 et
1146 583 1184 625 iu
1213 597 1350 625 omnes
1374 597 1566 641 pauperes
1592 583 1667 626 bem

111 606 343 698 deficentiae
367 655 517 697 fructus
541 654 612 697 toti
638 653 853 696 catholicae
886 659 928 694 et
952 651 1191 709 apostolicae
1223 652 1417 694 ecclesiae
1445 652 1664 695 communis

110 723 293 769 §.nibus
325 730 387 765 est
418 723 604 766 indictus.
672 721 822 764 Eadem
853 734 951 764 vero
988 719 1159 762 ecclesia
1198 734 1269 776 pro
1310 720 1487 762 obsoleta
1526 721 1593 762 illa
1623 721 1664 763 iu

110 789 274 836 Christo
308 791 609 835 circumcisione
647 790 879 848 baptismum
911 789 1085 845 accepit,
1131 802 1178 830 ac
1212 803 1282 844 pro
1317 789 1463 844 exiguo
1498 789 1665 832 sabbato

110 859 273 904 maioris
303 860 472 917 quietem
505 859 688 902 admittit.
760 858 824 900 Ab
851 859 1023 900 omnium
1056 857 1274 899 haereseon
1311 858 1585 900 communione
1619 872 1664 900 se

110 936 319 986 segregat,
353 928 677 980 fornicationem,
708 927 941 969 adulterium
963 940 1010 968 ac
1034 925 1232 968 libidinem
1257 925 1468 983 proscribit
1488 941 1660 968 omnem.

111 995 210 1041 ltem
230 995 514 1050 idololatriam,
557 995 828 1049 homicidium,
872 995 1003 1037 scelus
1028 1009 1168 1046 omne,
1211 994 1408 1036 maleficas
1430 1002 1561 1047 artes,
1594 1009 1664 1037 ve-

110 1065 275 1120 neficia,
313 1065 618 1116 astronomiam,
659 1064 850 1121 auguria,
901 1062 1155 1114 sortitiones,
1197 1060 1511 1117 incantationes,
1555 1077 1663 1107 amu·

107 1134 212 1188 leta,
243 1148 343 1192 quae
366 1133 606 1191 phylacteria
627 1140 835 1175 vocantur.
897 1132 959 1174 Ad
985 1132 1081 1174 haec
1104 1131 1271 1184 theatra,
1304 1138 1508 1187 equestres
1531 1132 1660 1184 ludos,

108 1201 343 1246 venationes
389 1216 436 1245 ac
484 1202 633 1244 musica
679 1201 901 1258 spectacula
951 1201 1122 1243 damnat.
1196 1199 1301 1241 Tum
1351 1199 1662 1242 maledicentiam

109 1284 288 1324 omnem,
330 1269 635 1323 detractionem,
678 1284 846 1326 pugnam
874 1276 989 1325 utque
1013 1269 1167 1323 rixam,
1213 1268 1513 1325 blasphemiam,
1561 1269 1663 1310 iniu-

108 1339 232 1392 riam,
273 1339 522 1396 cupiditatem
544 1346 583 1380 et
610 1352 783 1380 usuram.
845 1336 1130 1394 Negotiatores
1165 1351 1242 1379 non
1271 1337 1476 1379 admodum
1505 1337 1660 1394 probat,

108 1407 179 1451 sed
204 1408 244 1450 in
266 1408 438 1450 omnium
470 1407 603 1449 infimo
634 1407 722 1448 loco
750 1406 975 1455 constituit,
1018 1406 1239 1448 oblationes
1267 1406 1315 1447 ab
1344 1405 1403 1447 his
1426 1406 1491 1462 qui
1518 1406 1661 1447 iniuria

108 1476 303 1519 neminem
340 1476 568 1528 affecerint,
610 1489 738 1531 neque
768 1475 899 1517 scelus
933 1475 1087 1530 aliquod
1121 1474 1409 1531 perpetrarint,
1456 1475 1526 1516 sed
1555 1474 1660 1516 iuste

108 1545 229 1589 vitam
251 1544 479 1597 instituant,
522 1544 703 1586 admittit.
764 1542 912 1586 Preces
936 1544 984 1586 ad
1013 1544 1126 1585 deum
1153 1543 1311 1584 assidue
1338 1543 1529 1596 fundere,
1574 1557 1662 1585 eas-

108 1614 275 1671 demque
297 1613 636 1670 l'requentissimas
659 1628 704 1654 ac
729 1612 910 1664 sedulas,
941 1611 1108 1668 genibus
1134 1611 1291 1653 interim
1320 1618 1540 1668 opportuno
1565 1619 1663 1653 tem-

108 1696 206 1741 pore
235 1682 375 1735 flexis,
419 1689 556 1724 noctes
589 1695 635 1723 ac
670 1681 754 1723 dies
793 1680 996 1737 praecipit.
1066 1678 1195 1722 Porro
1228 1679 1458 1736 quibusdam
1492 1680 1532 1721 iu
1563 1679 1662 1722 locis

106 1751 213 1794 sacri
238 1757 458 1794 conventus
487 1757 528 1792 et
557 1763 731 1807 synaxes
766 1749 885 1791 etiam
919 1749 1091 1791 sabbatis
1124 1748 1363 1790 indicuntur.
1438 1746 1535 1790 Illud
1565 1762 1663 1791 vero

1698 623 1830 678 xxiii.

110 1833 189 1862 nou
213 1819 263 1862 ab
285 1818 492 1871 omnibus,
524 1819 592 1861 sed
619 1833 642 1860 a
666 1817 1019 1875 praestantioribus
1043 1817 1301 1869 observatur,
1342 1824 1384 1859 ut
1409 1831 1458 1859 ne
1486 1817 1665 1859 deierent
1711 1823 1721 1834 ·

112 1887 296 1940 omuino,
338 1901 465 1943 neque
498 1887 717 1930 convicium
749 1886 928 1942 cuiquam
965 1886 1134 1938 faciant,
1178 1892 1246 1927 aut
1271 1886 1559 1942 imprecemur,
1593 1899 1663 1940 pro

112 1969 162 1998 eo
185 1970 232 1998 ac
262 1955 438 1998 salvator
465 1955 602 2007 iussit,
645 1955 822 2011 adeoque
855 1955 979 2011 quoad
1015 1954 1053 1996 in
1079 1954 1174 2010 ipsis
1204 1955 1320 1996 situm
1347 1961 1431 2007 est,
1466 1969 1662 2011 nunquam

111 2024 271 2067 omnino
289 2023 543 2066 mentiantur.
604 2022 789 2080 Plerique
814 2037 910 2065 vero
932 2023 1034 2065 bona
1057 2037 1129 2064 sua
1153 2023 1353 2075 vendunt,
1387 2030 1427 2064 et
1451 2023 1492 2065 in
1518 2038 1663 2080 paupe-

114 2106 180 2135 res
209 2091 462 2134 distribuunt.

225 2158 372 2203 Forma
403 2159 557 2216 quidem
588 2173 635 2201 ac
666 2166 756 2201 nota
782 2159 973 2202 ecclesiae
999 2160 1214 2202 catholicae
1239 2167 1300 2202 est
1325 2160 1541 2213 eiusmodi,
1574 2175 1661 2203 cum

112 2243 159 2272 ea
183 2229 272 2272 iidei
308 2228 472 2272 formula
496 2242 607 2284 quam
638 2242 755 2285 supra
789 2228 1078 2285 proposuimus.
1140 2227 1224 2270 Eae
1250 2243 1367 2285 porro
1390 2230 1499 2284 leges
1524 2243 1571 2271 ac
1595 2230 1662 2271 de-

113 2305 221 2341 creta
254 2298 294 2340 in
328 2311 373 2339 ea
408 2296 671 2339 celebrantur.
735 2295 844 2339 llaec
879 2304 963 2349 est,
1008 2297 1189 2352 inquam,
1231 2297 1424 2339 ecclesiae
1456 2299 1579 2338 forma
1609 2311 1663 2339 ex

113 2367 224 2424 lege,
267 2365 492 2423 prophetis,
532 2364 722 2421 apostolis
751 2372 791 2407 et
824 2365 1079 2421 evangelistis
1110 2365 1303 2417 conflata,
1348 2380 1447 2421 quae
1475 2365 1663 2421 exquisiti

113 2434 313 2478 cuiusdam
336 2433 497 2475 antidoti
523 2433 649 2474 instar
667 2440 750 2485 est,
797 2446 850 2475 ex
875 2432 1007 2475 multis
1032 2432 1243 2489 unguentis
1265 2434 1311 2475 ad
1338 2447 1472 2475 eorum
1496 2434 1663 2475 salutem

114 2504 178 2560 qui
200 2502 255 2545 uti
279 2502 475 2545 voluerint
498 2501 684 2551 contecti,
718 2502 765 2543 de
789 2501 989 2543 voluntate
1013 2501 1150 2558 patris,
1184 2502 1248 2543 filii
1271 2516 1316 2543 ac
1337 2502 1496 2558 spiritus
1518 2502 1660 2545 sancti.

114 2571 225 2615 Haec
257 2579 320 2614 est
351 2571 599 2614 venerandae
626 2567 775 2611 Christi
811 2582 978 2626 sponsae
1007 2576 1099 2611 uota
1126 2570 1332 2627 peculiaris
1360 2584 1406 2611 ac
1433 2570 1660 2627 descriptio.

115 2639 227 2683 Haec
262 2639 366 2682 illius
398 2639 469 2681 dos
505 2646 544 2679 et
570 2637 798 2679 hereditatis
825 2644 1117 2679 testamentum.
1180 2636 1290 2679 Haec
1322 2638 1506 2680 coelestis
1541 2639 1663 2694 ipsius

114 2708 249 2766 sponsi
272 2706 363 2751 lesu
382 2705 532 2750 Christi
555 2706 698 2748 domini
718 2706 915 2748 voluntas.
976 2703 1056 2747 Per
1073 2718 1187 2762 quem
1208 2713 1247 2747 et
1268 2720 1432 2761 quocum
1455 2707 1553 2762 patri
1577 2707 1662 2763 glo-

116 2778 196 2830 ria,
239 2777 365 2820 honor
388 2782 428 2818 et
453 2775 656 2832 imperium
692 2789 779 2815 cum
810 2780 949 2816 sancto
981 2774 1118 2831 spiritu
1146 2774 1184 2815 in
1214 2774 1369 2816 saecula
1393 2774 1658 2828 saeculorum,

116 2846 263 2888 Amen.

231 2911 381 2958 Omnes
404 2914 467 2970 qui
487 2913 548 2955 hic
573 2920 662 2954 sunt
687 2913 827 2954 iratres
848 2910 1052 2967 plurimum
1073 2924 1146 2951 vos
1166 2910 1361 2962 salutant,
1394 2911 1463 2954 sed
1485 2911 1662 2969 inprimis

117 2982 348 3036 Anatolius,
388 2983 451 3040 qui
478 2982 547 3025 has
572 2988 707 3023 contra
733 2980 931 3035 octogiuta
958 2979 1143 3021 haereses
1167 2978 1451 3035 disputationes
1480 2988 1660 3023 notarum

1702 2193 1834 2260 XXfV.
