2020 3276
466 225 649 259 rmum
674 225 759 259 Lm.
773 226 830 259 iu.
857 226 966 260 τοινῐ.
984 227 1024 261 u.
1046 226 1179 261 naun.
1195 227 1368 261 Lxxvn.
1594 217 1678 260 379

139 304 255 349 nabin
274 304 537 361 anteponendi
558 312 672 347 erunt
692 303 918 348 Manichaei
940 320 986 348 ac
1002 305 1301 360 Marcionistac,
1334 314 1568 364 ceteraeque
1587 306 1680 349 hae-

138 384 274 426 mon,
319 385 443 429 quae,
488 387 537 414 nc
567 373 738 415 divinam
772 374 1016 416 maiestatem
1049 375 1279 418 imminuere
1318 377 1549 427 videantur,
1593 388 1681 418 car-

138 451 227 485 nem
253 441 292 484 ei
315 441 558 484 tribuendam
590 454 680 483 esse
707 455 784 483 non
818 442 1061 484 existimant.
1123 442 1272 485 Verum
1296 459 1374 486 uon
1398 458 1451 486 ex
1483 443 1679 486 hominum

136 509 340 554 voluntate
376 509 556 552 veritatis
583 523 774 566 suspensa
807 510 868 551 vis
892 518 976 563 est,
1021 511 1089 552 scd
1122 525 1175 553 ex
1201 512 1374 554 eiusdem
1403 512 1680 568 gubernatrice

137 578 330 636 capientia
352 578 724 633 administrandique
756 578 962 631 facultate,
1003 592 1102 634 quae
1127 579 1232 621 nullo
1260 581 1374 621 modo
1403 579 1681 636 comprehendi

138 653 290 704 potest,
331 646 589 690 aestimanda.
652 644 848 701 Quocirca
882 662 970 689 cum
996 647 1186 689 eiusmodi
1214 649 1265 689 sit
1290 649 1376 690 fidei
1401 657 1560 690 nostrae
1590 663 1681 706 pro-

137 714 280 767 tasio,
325 727 454 771 neque
486 730 572 756 cum
596 713 833 757 Manichaeo
865 716 1081 758 sentiamus
1117 718 1216 769 (nou
1247 716 1348 758 euim
1382 717 1594 772 gratificari
1615 717 1680 759 illc

136 783 328 840 putandne
351 790 437 835 est,
479 797 565 825 cum
594 784 640 825 ad
664 783 850 825 maiorem
874 781 1023 826 Christi
1054 785 1431 826 commendationem
1465 799 1622 827 caruem
1643 785 1681 827 ei

136 851 330 903 detrahit,
372 852 442 894 sed
474 865 495 893 a
517 851 685 894 veritate
711 852 839 908 potius
872 851 1080 903 abhorret,
1124 853 1212 893 dum
1242 852 1347 894 illius
1371 854 1680 896 incarnationem

137 918 271 976 specie
291 919 379 962 sola
410 927 592 961 constare
621 920 780 975 docet),
820 921 956 962 eodem
982 921 1096 976 plane
1129 922 1243 963 modo
1273 922 1486 963 vanissima
1521 924 1681 963 fratrum

137 994 361 1031 mmmmm
382 989 458 1031 erit
477 988 539 1030 illa
562 989 794 1044 disputatio,
847 988 1195 1044 inanissimumque
1221 989 1320 1031 bene
1347 991 1394 1030 de
1418 987 1579 1032 Christo
1602 1003 1683 1031 mc-

137 1055 249 1098 rendi
267 1056 454 1099 studium.
515 1055 672 1098 Etenim
699 1064 775 1099 tam
807 1057 861 1099 illi
884 1071 997 1112 quam
1026 1071 1098 1098 uos
1121 1057 1193 1114 ipsi
1223 1059 1270 1099 de
1296 1072 1415 1100 carue
1442 1055 1590 1100 Christi
1613 1072 1683 1100 ve-

137 1122 256 1166 ritate
276 1131 386 1167 recte
415 1125 632 1176 sentimus,
674 1125 748 1167 nisi
774 1127 874 1167 t'orte
897 1126 1012 1167 aliter
1035 1133 1210 1167 statuere
1234 1127 1453 1179 volueriut3
1497 1126 1683 1182 quemad·

138 1192 293 1234 modum
327 1193 501 1235 nonnulli
532 1207 650 1249 saepe
683 1207 735 1235 ex
767 1194 920 1235 illorum
953 1208 1117 1236 numero
1147 1202 1465 1250 argumentorum
1496 1195 1534 1236 vi
1557 1194 1682 1236 coacti

138 1259 386 1317 convictique
407 1269 498 1303 sunit
522 1269 562 1302 ut
585 1275 718 1304 veram
741 1276 763 1303 a
787 1259 948 1304 Christo
972 1276 1131 1304 carnem
1163 1271 1402 1320 assumptam
1425 1263 1590 1304 inficiari
1613 1277 1681 1304 au·

137 1328 300 1379 derant,
344 1335 385 1370 ut
408 1337 524 1372 antea
547 1329 740 1381 diximus,
782 1344 830 1371 eo
854 1330 1005 1372 scilicet
1035 1332 1224 1373 adductos
1248 1333 1435 1387 quosdam
1462 1338 1503 1372 ut
1524 1345 1681 1373 carnem

137 1395 330 1439 divinitati
362 1399 735 1440 consubstantialem
775 1400 964 1440 facerent.
1027 1396 1106 1441 Sed
1144 1399 1480 1456 praetermittendi
1512 1414 1535 1442 a
1569 1399 1681 1441 nobis

135 1463 190 1507 illi
212 1472 327 1518 sunt,
371 1474 502 1522 utpote
535 1468 598 1522 qui
623 1467 858 1508 seutentiam
887 1467 1146 1518 mutaverint,
1191 1475 1230 1509 et
1256 1483 1279 1510 a
1302 1468 1446 1510 ceteris
1469 1482 1521 1509 ex
1544 1468 1681 1509 eodem

134 1547 257 1590 grege
281 1534 328 1575 de
358 1531 506 1576 Christi
538 1549 657 1576 carne
683 1550 759 1577 nou
792 1536 890 1577 male
919 1536 1178 1578 sentientibus
1212 1544 1287 1578 tam
1313 1537 1521 1578 absurdum
1549 1536 1598 1577 ob
1620 1550 1682 1577 er·

136 1615 266 1644 rorem
292 1603 481 1645 confutati
504 1604 597 1645 sint.
660 1601 739 1646 Sed
773 1604 953 1659 quicquid
985 1604 1037 1645 sit
1062 1605 1108 1645 de
1134 1605 1245 1654 aliis,
1289 1613 1396 1646 certe
1431 1603 1683 1660 religiosissi-

137 1682 225 1712 mus
253 1670 346 1713 illud
377 1685 455 1713 non
487 1672 646 1727 negabit
677 1673 934 1728 Apollinaris.

250 1737 389 1795 Quare
409 1754 496 1782 cum
525 1740 688 1781 verbum
721 1741 781 1782 dei
808 1741 974 1783 coelitus
1007 1741 1205 1798 delapsum
1240 1755 1335 1783 vere
1369 1755 1421 1783 ex
1443 1739 1574 1783 Maria
1601 1741 1682 1782 vir·
1752 1747 1833 1787 Cap.

135 1805 249 1864 gine,
291 1821 368 1849 non
392 1821 447 1851 ex
471 1808 573 1850 virili
606 1810 781 1860 semine,
824 1810 892 1850 sed
918 1811 965 1851 de
988 1809 1124 1866 spiritu
1156 1817 1292 1851 sancto
1314 1824 1472 1852 carnem
1497 1824 1682 1864 suscepc-
1716 1793 1863 1827 xxvn’

137 1874 214 1927 rit,
245 1881 288 1917 et
309 1875 349 1917 in
377 1876 481 1919 illius
506 1884 620 1919 utero
642 1891 685 1919 re
709 1878 792 1934 ipsa
816 1884 993 1932 gestatus
1015 1879 1088 1930 sit,
1131 1892 1178 1920 ac
1204 1879 1277 1920 sibi
1303 1893 1445 1935 corpus
1468 1879 1681 1931 effinxerit,

138 1951 272 2003 utpote
296 1946 416 1997 dens,
459 1958 506 1987 ac
529 1952 605 1986 tam
630 1946 740 2002 primi
765 1946 889 1988 nostri
913 1947 1086 2003 parentis
1109 1962 1223 2003 qnam
1252 1947 1486 2003 reliquarum
1510 1948 1682 1989 omnium

133 2006 271 2056 'rerum
294 2014 407 2056 fictor
428 2026 474 2054 ac
496 2014 699 2066 conditor,
733 2028 809 2056 non
834 2015 967 2071 utiquc
987 2016 1097 2057 verbi
1121 2016 1225 2057 illius
1247 2022 1308 2057 est
1332 2016 1534 2057 imminuta
1557 2015 1683 2070 digni·

139 2087 225 2134 tas,
269 2082 338 2124 sed
363 2082 402 2124 in
427 2081 585 2138 propria
609 2088 648 2123 et
671 2082 898 2125 immutabili
929 2091 1068 2126 natura
1101 2084 1286 2141 perstitit.
1348 2083 1451 2126 Nam
1486 2099 1571 2126 cuin
1597 2098 1685 2125 car-

138 2161 226 2192 nem
248 2149 397 2200 induit,
432 2150 575 2191 nullam
601 2148 909 2193 vicissitudinem
935 2159 996 2194 est
1022 2166 1184 2209 passus,
1218 2152 1342 2208 utqui
1367 2153 1439 2194 deo
1466 2153 1565 2209 patri
1589 2166 1684 2194 con-

139 2217 412 2261 substantialis
440 2217 613 2268 existat,
656 2231 729 2259 nec
755 2232 778 2260 a
802 2219 898 2270 deo,
942 2220 1006 2263 vel
1031 2221 1078 2263 ab
1106 2221 1210 2263 illins
1233 2221 1370 2277 spiritu
1393 2228 1530 2263 sancto
1553 2221 1683 2263 diver-

137 2297 205 2328 ans
230 2292 297 2328 aut
320 2285 487 2328 alienus.
551 2283 665 2340 Quod
695 2286 729 2328 si
762 2286 862 2329 istud
895 2288 933 2330 in
965 2290 1148 2331 confesso
1170 2297 1255 2340 est,
1299 2304 1457 2331 carnem
1491 2289 1596 2331 illum
1624 2290 1685 2330 in·

137 2353 270 2396 dnisae
302 2361 418 2410 atque
453 2355 694 2395 incrementa
727 2356 903 2410 cepisse,
949 2357 1101 2399 animae
1138 2371 1283 2414 expers
1310 2372 1399 2399 esse
1429 2372 1505 2399 non
1533 2364 1679 2413 potest.

139 2419 334 2479 Quicquid
358 2422 461 2464 enim
485 2422 696 2474 adolescit,
740 2423 773 2464 si
797 2423 1015 2467 immobiles
1043 2438 1107 2466 res
1131 2426 1333 2481 excipias,
1380 2426 1506 2467 anima
1529 2431 1684 2467 constat

138 2496 178 2533 et
200 2502 381 2547 corpore.
443 2488 504 2531 Eo
537 2504 653 2547 porro
685 2490 901 2546 scripturae
931 2493 1052 2534 verba
1088 2493 1150 2535 illa
1180 2494 1386 2535 referenda
1419 2501 1531 2536 sunt:
1575 2497 1681 2535 Iesus
1698 2506 1875 2543 naaman.

137 2567 260 2601 autea
283 2560 476 2601 erescebat
496 2562 681 2613 sapientia
704 2567 744 2599 e!
763 2567 898 2600 aetate.
963 2559 1038 2604 Ubi
1071 2570 1230 2618 propter
1255 2576 1412 2604 carnem
1441 2570 1608 2603 aetatem
1630 2562 1683 2604 si·

137 2626 360 2684 gnilicavitg
402 2634 513 2669 aetas
547 2641 642 2668 vero
673 2640 724 2668 ex
755 2627 908 2679 anima,
955 2629 1009 2670 nti
1044 2629 1150 2681 dixi,
1196 2637 1237 2672 et
1267 2643 1433 2685 corpore
1468 2630 1680 2686 perficitur.

138 2694 201 2738 Ao
233 2702 485 2752 posteaquam
510 2703 633 2736 aetate
660 2698 765 2735 illum
790 2700 1020 2748 praemisse
1049 2697 1170 2749 dixit,
1210 2706 1502 2749 consentanee,
1546 2701 1599 2739 Et
1622 2713 1685 2740 sa-

133 2766 302 2818 piatio,
347 2763 531 2805 subdidit.
596 2762 674 2805 lam
699 2777 795 2804 vern
827 2764 891 2819 qni
920 2764 1108 2821 sapientia
1133 2766 1253 2822 patris
1276 2773 1405 2818 esset,
1451 2767 1605 2822 quinam
1627 2767 1684 2810 ul-

139 2830 197 2874 las
218 2831 432 2888 sapientiae
461 2832 760 2888 progressiones
785 2831 926 2873 habere
958 2834 1103 2887 potuit,
1148 2834 1180 2875 ai
1204 2833 1253 2875 ab
1277 2834 1443 2876 humana
1471 2841 1601 2876 mente
1626 2836 1683 2877 di-

139 2912 296 2943 versum
322 2914 392 2943 vas
417 2901 533 2953 illud,
576 2908 617 2942 ut
637 2901 688 2943 ita
718 2901 841 2941 dicam
857 2932 868 2952 ,
914 2900 1013 2942 suit?
1072 2902 1132 2943 Ac
1154 2901 1186 2942 si
1211 2903 1351 2943 mentis
1375 2916 1520 2960 expers
1539 2904 1683 2946 extite-

138 2967 213 3019 rit,
261 2967 327 3023 qni
357 2968 439 3010 lieri
465 2970 589 3025 potuit
618 2976 655 3010 nt
681 2968 871 3025 sapientia
895 2983 1058 3023 corpore
1089 2970 1294 3026 animaque
1318 2985 1550 3027 progressus
1576 2973 1680 3014 sacc-

139 3035 227 3078 ret?
286 3033 407 3078 Vides
430 3051 543 3093 quam
569 3038 722 3079 detorta
743 3037 989 3094 violentaque
1010 3037 1061 3080 sit
1087 3037 1240 3081 illorum
1260 3039 1482 3094 sententia,
1516 3055 1678 3097 quorum
