<?xml version="1.0" encoding="UTF-8"?>
<!DOCTYPE html PUBLIC "-//W3C//DTD XHTML 1.0 Transitional//EN"
    "http://www.w3.org/TR/xhtml1/DTD/xhtml1-transitional.dtd">
<html xmlns="http://www.w3.org/1999/xhtml" xml:lang="en" lang="en">
 <head>
  <title>
</title>
<meta http-equiv="Content-Type" content="text/html;charset=utf-8" />
  <meta name='ocr-system' content='tesseract 3.04.00' />
  <meta name='ocr-capabilities' content='ocr_page ocr_carea ocr_par ocr_line ocrx_word'/>
</head>
<body>
  <div class='ocr_page' id='page_1' title='image "./corporishaereseo23epip_0321.png"; bbox 0 0 2020 3276; ppageno 0'>
   <div class='ocr_carea' id='block_1_1' title="bbox 439 223 1653 266">
    <p class='ocr_par' dir='ltr' id='par_1_1' title="bbox 439 223 1653 266">
     <span class='ocr_line' id='line_1_1' title="bbox 439 223 1653 266; baseline 0.002 -3"><span class='ocrx_word' id='word_1_1' title='bbox 439 229 623 264; x_wconf 67' lang='lat' dir='ltr'>ransart</span> <span class='ocrx_word' id='word_1_2' title='bbox 645 229 732 264; x_wconf 78' lang='lat' dir='ltr'>un.</span> <span class='ocrx_word' id='word_1_3' title='bbox 749 230 812 264; x_wconf 85' lang='lat'>111.</span> <span class='ocrx_word' id='word_1_4' title='bbox 832 230 944 265; x_wconf 80' lang='grc' dir='ltr'><strong>τοΜ.</strong></span> <span class='ocrx_word' id='word_1_5' title='bbox 962 231 988 265; x_wconf 82' lang='lat'>1.</span> <span class='ocrx_word' id='word_1_6' title='bbox 1010 230 1143 265; x_wconf 72' lang='lat' dir='ltr'>usna.</span> <span class='ocrx_word' id='word_1_7' title='bbox 1161 230 1324 266; x_wconf 75' lang='lat' dir='ltr'>nxxvr.</span> <span class='ocrx_word' id='word_1_8' title='bbox 1569 223 1653 266; x_wconf 83' lang='lat'>309</span> 
     </span>
    </p>
   </div>
   <div class='ocr_carea' id='block_1_2' title="bbox 93 309 1801 2964">
    <p class='ocr_par' dir='ltr' id='par_1_2' title="bbox 93 309 1801 2964">
     <span class='ocr_line' id='line_1_2' title="bbox 108 309 1650 367; baseline -0.002 -11"><span class='ocrx_word' id='word_1_9' title='bbox 108 323 234 356; x_wconf 60' lang='lat' dir='ltr'>..a</span> <span class='ocrx_word' id='word_1_10' title='bbox 249 309 399 363; x_wconf 76' lang='lat' dir='ltr'>nihilo,</span> <span class='ocrx_word' id='word_1_11' title='bbox 441 310 511 352; x_wconf 86' lang='lat' dir='ltr'>sed</span> <span class='ocrx_word' id='word_1_12' title='bbox 536 323 590 352; x_wconf 83' lang='lat' dir='ltr'>ex</span> <span class='ocrx_word' id='word_1_13' title='bbox 611 323 662 352; x_wconf 86' lang='lat' dir='ltr'>co</span> <span class='ocrx_word' id='word_1_14' title='bbox 682 309 746 366; x_wconf 91' lang='lat' dir='ltr'>qui</span> <span class='ocrx_word' id='word_1_15' title='bbox 770 317 832 352; x_wconf 91' lang='lat' dir='ltr'>est</span> <span class='ocrx_word' id='word_1_16' title='bbox 853 310 1139 352; x_wconf 87' lang='lat' dir='ltr'>convenienter</span> <span class='ocrx_word' id='word_1_17' title='bbox 1159 311 1369 367; x_wconf 88' lang='lat' dir='ltr'>productus</span> <span class='ocrx_word' id='word_1_18' title='bbox 1396 310 1650 367; x_wconf 80' lang='lat' dir='ltr'>intelligitur3</span> 
     </span>
     <span class='ocr_line' id='line_1_3' title="bbox 107 378 1649 435; baseline 0 -13"><span class='ocrx_word' id='word_1_19' title='bbox 107 378 208 431; x_wconf 61' lang='lat' dir='ltr'>ah,-</span> <span class='ocrx_word' id='word_1_20' title='bbox 241 385 285 422; x_wconf 64' lang='grc' dir='ltr'>ιι</span> <span class='ocrx_word' id='word_1_21' title='bbox 318 391 446 435; x_wconf 81' lang='lat' dir='ltr'>neque</span> <span class='ocrx_word' id='word_1_22' title='bbox 478 378 684 430; x_wconf 67' lang='lat' dir='ltr'>coll-tata,</span> <span class='ocrx_word' id='word_1_23' title='bbox 730 391 858 434; x_wconf 84' lang='lat' dir='ltr'>neque</span> <span class='ocrx_word' id='word_1_24' title='bbox 890 385 1092 420; x_wconf 87' lang='lat' dir='ltr'>contracta</span> <span class='ocrx_word' id='word_1_25' title='bbox 1125 379 1177 421; x_wconf 89' lang='lat' dir='ltr'>sit</span> <span class='ocrx_word' id='word_1_26' title='bbox 1204 379 1438 422; x_wconf 87' lang='lat' dir='ltr'>substantia.</span> <span class='ocrx_word' id='word_1_27' title='bbox 1500 378 1649 422; x_wconf 86' lang='lat' dir='ltr'>Verum</span> 
     </span>
     <span class='ocr_line' id='line_1_4' title="bbox 106 445 1652 504; baseline -0.001 -13"><span class='ocrx_word' id='word_1_28' title='bbox 106 445 172 504; x_wconf 54' lang='grc' dir='ltr'>μ’</span> <span class='ocrx_word' id='word_1_29' title='bbox 191 445 353 504; x_wconf 79' lang='lat' dir='ltr'>spiritus</span> <span class='ocrx_word' id='word_1_30' title='bbox 382 453 446 490; x_wconf 86' lang='lat' dir='ltr'>est</span> <span class='ocrx_word' id='word_1_31' title='bbox 478 453 589 504; x_wconf 85' lang='lat' dir='ltr'>pater</span> <span class='ocrx_word' id='word_1_32' title='bbox 619 446 797 504; x_wconf 87' lang='lat' dir='ltr'>spiritum</span> <span class='ocrx_word' id='word_1_33' title='bbox 821 446 984 503; x_wconf 80' lang='lat' dir='ltr'>perinde</span> <span class='ocrx_word' id='word_1_34' title='bbox 1019 446 1136 488; x_wconf 85' lang='lat' dir='ltr'>filium</span> <span class='ocrx_word' id='word_1_35' title='bbox 1168 448 1304 503; x_wconf 88' lang='lat' dir='ltr'>genuit</span> <span class='ocrx_word' id='word_1_36' title='bbox 1336 455 1453 504; x_wconf 89' lang='lat' dir='ltr'>atque</span> <span class='ocrx_word' id='word_1_37' title='bbox 1476 461 1499 490; x_wconf 87' lang='lat' dir='ltr'>e</span> <span class='ocrx_word' id='word_1_38' title='bbox 1518 448 1652 504; x_wconf 88' lang='lat' dir='ltr'>seipso</span> 
     </span>
     <span class='ocr_line' id='line_1_5' title="bbox 104 513 1652 573; baseline 0 -14"><span class='ocrx_word' id='word_1_39' title='bbox 104 520 283 559; x_wconf 73' lang='lat' dir='ltr'>sancu-</span> <span class='ocrx_word' id='word_1_40' title='bbox 304 515 481 573; x_wconf 80' lang='lat' dir='ltr'>spiritum</span> <span class='ocrx_word' id='word_1_41' title='bbox 501 514 645 558; x_wconf 78' lang='lat' dir='ltr'>emisit.</span> <span class='ocrx_word' id='word_1_42' title='bbox 704 513 848 571; x_wconf 85' lang='lat' dir='ltr'>Neque</span> <span class='ocrx_word' id='word_1_43' title='bbox 874 528 972 556; x_wconf 86' lang='lat' dir='ltr'>vero</span> <span class='ocrx_word' id='word_1_44' title='bbox 994 521 1064 556; x_wconf 91' lang='lat' dir='ltr'>aut</span> <span class='ocrx_word' id='word_1_45' title='bbox 1084 517 1336 572; x_wconf 85' lang='lat' dir='ltr'>semetipsum</span> <span class='ocrx_word' id='word_1_46' title='bbox 1360 517 1541 573; x_wconf 79' lang='lat' dir='ltr'>ignorat,</span> <span class='ocrx_word' id='word_1_47' title='bbox 1584 524 1652 559; x_wconf 88' lang='lat' dir='ltr'>ant</span> 
     </span>
     <span class='ocr_line' id='line_1_6' title="bbox 104 582 1651 641; baseline -0.001 -13"><span class='ocrx_word' id='word_1_48' title='bbox 104 586 346 629; x_wconf 64' lang='lat' dir='ltr'>amotam</span> <span class='ocrx_word' id='word_1_49' title='bbox 376 583 651 626; x_wconf 82' lang='lat' dir='ltr'>collatatamve</span> <span class='ocrx_word' id='word_1_50' title='bbox 685 597 798 626; x_wconf 90' lang='lat' dir='ltr'>suam</span> <span class='ocrx_word' id='word_1_51' title='bbox 835 583 945 625; x_wconf 82' lang='lat' dir='ltr'>novit</span> <span class='ocrx_word' id='word_1_52' title='bbox 979 582 1266 636; x_wconf 76' lang='lat' dir='ltr'>substantiam,</span> <span class='ocrx_word' id='word_1_53' title='bbox 1311 584 1397 626; x_wconf 84' lang='lat' dir='ltr'>sive</span> <span class='ocrx_word' id='word_1_54' title='bbox 1430 585 1556 641; x_wconf 88' lang='lat' dir='ltr'>aliqua</span> <span class='ocrx_word' id='word_1_55' title='bbox 1586 599 1651 627; x_wconf 85' lang='lat' dir='ltr'>se-</span> 
     </span>
     <span class='ocr_line' id='line_1_7' title="bbox 103 651 1652 707; baseline -0.001 -11"><span class='ocrx_word' id='word_1_56' title='bbox 103 651 469 696; x_wconf 67' lang='lat' dir='ltr'>ctimwucisam.</span> <span class='ocrx_word' id='word_1_57' title='bbox 529 651 642 694; x_wconf 80' lang='lat' dir='ltr'>Haec</span> <span class='ocrx_word' id='word_1_58' title='bbox 673 651 777 694; x_wconf 89' lang='lat' dir='ltr'>enim</span> <span class='ocrx_word' id='word_1_59' title='bbox 813 651 943 694; x_wconf 88' lang='lat' dir='ltr'>omnia</span> <span class='ocrx_word' id='word_1_60' title='bbox 973 651 1021 693; x_wconf 87' lang='lat' dir='ltr'>de</span> <span class='ocrx_word' id='word_1_61' title='bbox 1047 651 1122 693; x_wconf 87' lang='lat' dir='ltr'>deo</span> <span class='ocrx_word' id='word_1_62' title='bbox 1154 652 1328 707; x_wconf 86' lang='lat' dir='ltr'>cogitare</span> <span class='ocrx_word' id='word_1_63' title='bbox 1351 653 1467 694; x_wconf 90' lang='lat' dir='ltr'>nimis</span> <span class='ocrx_word' id='word_1_64' title='bbox 1499 659 1562 695; x_wconf 92' lang='lat' dir='ltr'>est</span> <span class='ocrx_word' id='word_1_65' title='bbox 1582 653 1652 695; x_wconf 89' lang='lat' dir='ltr'>ab·</span> 
     </span>
     <span class='ocr_line' id='line_1_8' title="bbox 103 719 1650 778; baseline -0.001 -13"><span class='ocrx_word' id='word_1_66' title='bbox 103 721 290 774; x_wconf 59' lang='lat' dir='ltr'>ardum,</span> <span class='ocrx_word' id='word_1_67' title='bbox 333 720 487 778; x_wconf 89' lang='lat' dir='ltr'>utquid</span> <span class='ocrx_word' id='word_1_68' title='bbox 518 720 571 762; x_wconf 90' lang='lat' dir='ltr'>sit</span> <span class='ocrx_word' id='word_1_69' title='bbox 599 720 759 776; x_wconf 83' lang='lat' dir='ltr'>spiritus</span> <span class='ocrx_word' id='word_1_70' title='bbox 788 726 949 762; x_wconf 83' lang='lat' dir='ltr'>sanctus</span> <span class='ocrx_word' id='word_1_71' title='bbox 973 719 1071 761; x_wconf 88' lang='lat' dir='ltr'>deus</span> <span class='ocrx_word' id='word_1_72' title='bbox 1095 719 1179 775; x_wconf 88' lang='lat' dir='ltr'>ipse</span> <span class='ocrx_word' id='word_1_73' title='bbox 1206 720 1373 762; x_wconf 82' lang='lat' dir='ltr'>nesciat.</span> <span class='ocrx_word' id='word_1_74' title='bbox 1435 720 1497 762; x_wconf 84' lang='lat' dir='ltr'>Ac</span> <span class='ocrx_word' id='word_1_75' title='bbox 1523 735 1650 777; x_wconf 88' lang='lat' dir='ltr'>neque</span> 
     </span>
     <span class='ocr_line' id='line_1_9' title="bbox 102 787 1651 846; baseline 0 -14"><span class='ocrx_word' id='word_1_76' title='bbox 102 787 303 846; x_wconf 62' lang='lat' dir='ltr'>ingenitus</span> <span class='ocrx_word' id='word_1_77' title='bbox 321 803 409 832; x_wconf 88' lang='lat' dir='ltr'>eum</span> <span class='ocrx_word' id='word_1_78' title='bbox 432 788 608 844; x_wconf 84' lang='lat' dir='ltr'>ingenito</span> <span class='ocrx_word' id='word_1_79' title='bbox 630 788 709 830; x_wconf 83' lang='lat' dir='ltr'>filio</span> <span class='ocrx_word' id='word_1_80' title='bbox 732 787 1079 831; x_wconf 67' lang='lat' dir='ltr'>consubstantians</span> <span class='ocrx_word' id='word_1_81' title='bbox 1108 801 1186 829; x_wconf 92' lang='lat' dir='ltr'>non</span> <span class='ocrx_word' id='word_1_82' title='bbox 1212 795 1297 840; x_wconf 89' lang='lat' dir='ltr'>est,</span> <span class='ocrx_word' id='word_1_83' title='bbox 1342 803 1469 844; x_wconf 86' lang='lat' dir='ltr'>neque</span> <span class='ocrx_word' id='word_1_84' title='bbox 1493 789 1651 846; x_wconf 89' lang='lat' dir='ltr'>genitus</span> 
     </span>
     <span class='ocr_line' id='line_1_10' title="bbox 101 855 1652 916; baseline -0.001 -15"><span class='ocrx_word' id='word_1_85' title='bbox 101 857 189 916; x_wconf 66' lang='lat' dir='ltr'>ipe</span> <span class='ocrx_word' id='word_1_86' title='bbox 206 870 452 901; x_wconf 69' lang='lat' dir='ltr'>munem</span> <span class='ocrx_word' id='word_1_87' title='bbox 471 871 557 899; x_wconf 89' lang='lat' dir='ltr'>cnm</span> <span class='ocrx_word' id='word_1_88' title='bbox 577 864 688 914; x_wconf 86' lang='lat' dir='ltr'>patre</span> <span class='ocrx_word' id='word_1_89' title='bbox 707 856 982 899; x_wconf 86' lang='lat' dir='ltr'>aeternitatem</span> <span class='ocrx_word' id='word_1_90' title='bbox 1006 870 1084 898; x_wconf 93' lang='lat' dir='ltr'>non</span> <span class='ocrx_word' id='word_1_91' title='bbox 1105 855 1297 898; x_wconf 85' lang='lat' dir='ltr'>continet.</span> <span class='ocrx_word' id='word_1_92' title='bbox 1357 855 1516 899; x_wconf 89' lang='lat' dir='ltr'>Etenim</span> <span class='ocrx_word' id='word_1_93' title='bbox 1540 865 1652 914; x_wconf 89' lang='lat' dir='ltr'>pater</span> 
     </span>
     <span class='ocr_line' id='line_1_11' title="bbox 102 923 1649 982; baseline -0.001 -12"><span class='ocrx_word' id='word_1_94' title='bbox 102 924 248 979; x_wconf 56' lang='lat' dir='ltr'>lh,</span> <span class='ocrx_word' id='word_1_95' title='bbox 288 925 392 968; x_wconf 68' lang='lat' dir='ltr'>filius</span> <span class='ocrx_word' id='word_1_96' title='bbox 422 932 569 982; x_wconf 87' lang='lat' dir='ltr'>patrem</span> <span class='ocrx_word' id='word_1_97' title='bbox 604 925 824 981; x_wconf 75' lang='lat' dir='ltr'>cognoscit.</span> <span class='ocrx_word' id='word_1_98' title='bbox 886 923 1068 967; x_wconf 74' lang='lat' dir='ltr'>Trinitas</span> <span class='ocrx_word' id='word_1_99' title='bbox 1100 939 1219 981; x_wconf 92' lang='lat' dir='ltr'>porro</span> <span class='ocrx_word' id='word_1_100' title='bbox 1249 925 1334 980; x_wconf 87' lang='lat' dir='ltr'>ipsa</span> <span class='ocrx_word' id='word_1_101' title='bbox 1356 924 1442 967; x_wconf 87' lang='lat' dir='ltr'>sine</span> <span class='ocrx_word' id='word_1_102' title='bbox 1466 926 1544 967; x_wconf 91' lang='lat' dir='ltr'>ullo</span> <span class='ocrx_word' id='word_1_103' title='bbox 1572 927 1649 968; x_wconf 86' lang='lat' dir='ltr'>fine</span> 
     </span>
     <span class='ocr_line' id='line_1_12' title="bbox 102 990 1650 1050; baseline -0.001 -12"><span class='ocrx_word' id='word_1_104' title='bbox 102 996 237 1038; x_wconf 63' lang='lat' dir='ltr'>aaut</span> <span class='ocrx_word' id='word_1_105' title='bbox 257 993 458 1045; x_wconf 76' lang='lat' dir='ltr'>increata,</span> <span class='ocrx_word' id='word_1_106' title='bbox 505 994 725 1050; x_wconf 87' lang='lat' dir='ltr'>occiditque</span> <span class='ocrx_word' id='word_1_107' title='bbox 752 1007 965 1049; x_wconf 86' lang='lat' dir='ltr'>nunquam.</span> <span class='ocrx_word' id='word_1_108' title='bbox 1037 990 1164 1034; x_wconf 89' lang='lat' dir='ltr'>Filius</span> <span class='ocrx_word' id='word_1_109' title='bbox 1197 1006 1294 1035; x_wconf 89' lang='lat' dir='ltr'>vero</span> <span class='ocrx_word' id='word_1_110' title='bbox 1318 1007 1341 1036; x_wconf 89' lang='lat' dir='ltr'>a</span> <span class='ocrx_word' id='word_1_111' title='bbox 1364 1000 1476 1050; x_wconf 86' lang='lat' dir='ltr'>patre</span> <span class='ocrx_word' id='word_1_112' title='bbox 1507 1007 1650 1036; x_wconf 84' lang='lat' dir='ltr'>revera</span> 
     </span>
     <span class='ocr_line' id='line_1_13' title="bbox 103 1060 1648 1120; baseline 0 -14"><span class='ocrx_word' id='word_1_113' title='bbox 103 1064 151 1106; x_wconf 78' lang='lat' dir='ltr'>&#39;ac</span> <span class='ocrx_word' id='word_1_114' title='bbox 168 1073 327 1120; x_wconf 72' lang='lat' dir='ltr'>semper</span> <span class='ocrx_word' id='word_1_115' title='bbox 345 1062 544 1104; x_wconf 79' lang='lat' dir='ltr'>existente</span> <span class='ocrx_word' id='word_1_116' title='bbox 567 1062 608 1104; x_wconf 91' lang='lat' dir='ltr'>in</span> <span class='ocrx_word' id='word_1_117' title='bbox 631 1061 789 1119; x_wconf 88' lang='lat' dir='ltr'>propria</span> <span class='ocrx_word' id='word_1_118' title='bbox 815 1062 1067 1119; x_wconf 71' lang='lat' dir='ltr'>perfectaque</span> <span class='ocrx_word' id='word_1_119' title='bbox 1091 1068 1232 1104; x_wconf 87' lang='lat' dir='ltr'>natura</span> <span class='ocrx_word' id='word_1_120' title='bbox 1259 1061 1415 1118; x_wconf 86' lang='lat' dir='ltr'>genitus</span> <span class='ocrx_word' id='word_1_121' title='bbox 1444 1069 1521 1104; x_wconf 88' lang='lat' dir='ltr'>est.</span> <span class='ocrx_word' id='word_1_122' title='bbox 1584 1060 1648 1106; x_wconf 88' lang='lat' dir='ltr'>Ob</span> 
     </span>
     <span class='ocr_line' id='line_1_14' title="bbox 101 1129 1646 1188; baseline -0.001 -15"><span class='ocrx_word' id='word_1_123' title='bbox 101 1130 412 1188; x_wconf 63' lang='lat' dir='ltr'>tensum</span> <span class='ocrx_word' id='word_1_124' title='bbox 434 1130 568 1182; x_wconf 76' lang='lat' dir='ltr'>novit3</span> <span class='ocrx_word' id='word_1_125' title='bbox 609 1144 736 1186; x_wconf 88' lang='lat' dir='ltr'>neque</span> <span class='ocrx_word' id='word_1_126' title='bbox 769 1137 837 1173; x_wconf 90' lang='lat' dir='ltr'>aut</span> <span class='ocrx_word' id='word_1_127' title='bbox 858 1129 959 1172; x_wconf 81' lang='lat' dir='ltr'>lilius</span> <span class='ocrx_word' id='word_1_128' title='bbox 984 1129 1198 1186; x_wconf 74' lang='lat' dir='ltr'>ingenitam</span> <span class='ocrx_word' id='word_1_129' title='bbox 1224 1130 1347 1187; x_wconf 87' lang='lat' dir='ltr'>patris</span> <span class='ocrx_word' id='word_1_130' title='bbox 1369 1130 1646 1184; x_wconf 77' lang='lat' dir='ltr'>substantiam,</span> 
     </span>
     <span class='ocr_line' id='line_1_15' title="bbox 102 1197 1648 1256; baseline 0 -14"><span class='ocrx_word' id='word_1_131' title='bbox 102 1206 172 1243; x_wconf 75' lang='lat' dir='ltr'>aut</span> <span class='ocrx_word' id='word_1_132' title='bbox 197 1198 398 1256; x_wconf 69' lang='lat' dir='ltr'>ingenitus</span> <span class='ocrx_word' id='word_1_133' title='bbox 431 1198 521 1250; x_wconf 84' lang='lat' dir='ltr'>lilii,</span> <span class='ocrx_word' id='word_1_134' title='bbox 569 1212 682 1255; x_wconf 88' lang='lat' dir='ltr'>quem</span> <span class='ocrx_word' id='word_1_135' title='bbox 718 1197 926 1256; x_wconf 85' lang='lat' dir='ltr'>produxit,</span> <span class='ocrx_word' id='word_1_136' title='bbox 971 1197 1159 1254; x_wconf 85' lang='lat' dir='ltr'>ignorare</span> <span class='ocrx_word' id='word_1_137' title='bbox 1193 1205 1339 1256; x_wconf 88' lang='lat' dir='ltr'>potest.</span> <span class='ocrx_word' id='word_1_138' title='bbox 1400 1197 1554 1254; x_wconf 85' lang='lat' dir='ltr'>Dignus</span> <span class='ocrx_word' id='word_1_139' title='bbox 1586 1207 1648 1242; x_wconf 87' lang='lat' dir='ltr'>est</span> 
     </span>
     <span class='ocr_line' id='line_1_16' title="bbox 101 1266 1801 1324; baseline -0.001 -13"><span class='ocrx_word' id='word_1_140' title='bbox 101 1267 206 1311; x_wconf 77' lang='lat' dir='ltr'>enim</span> <span class='ocrx_word' id='word_1_141' title='bbox 226 1267 328 1310; x_wconf 73' lang='lat' dir='ltr'>filius</span> <span class='ocrx_word' id='word_1_142' title='bbox 345 1267 429 1324; x_wconf 89' lang='lat' dir='ltr'>ipae</span> <span class='ocrx_word' id='word_1_143' title='bbox 453 1267 515 1309; x_wconf 88' lang='lat' dir='ltr'>eui</span> <span class='ocrx_word' id='word_1_144' title='bbox 535 1267 593 1309; x_wconf 89' lang='lat' dir='ltr'>sic</span> <span class='ocrx_word' id='word_1_145' title='bbox 614 1266 789 1323; x_wconf 83' lang='lat' dir='ltr'>loquenti</span> <span class='ocrx_word' id='word_1_146' title='bbox 812 1266 908 1309; x_wconf 85' lang='lat' dir='ltr'>tides</span> <span class='ocrx_word' id='word_1_147' title='bbox 930 1266 1186 1309; x_wconf 81' lang='lat' dir='ltr'>adhibeatur:</span> <span class='ocrx_word' id='word_1_148' title='bbox 1229 1270 1347 1308; x_wconf 84' lang='lat' dir='ltr'>Nemo</span> <span class='ocrx_word' id='word_1_149' title='bbox 1371 1271 1478 1309; x_wconf 78' lang='lat' dir='ltr'>novit</span> <span class='ocrx_word' id='word_1_150' title='bbox 1490 1276 1641 1322; x_wconf 75' lang='lat' dir='ltr'>patr-em</span> <span class='ocrx_word' id='word_1_151' title='bbox 1687 1281 1801 1310; x_wconf 68' lang='grc' dir='ltr'><strong>Μιιιιι.</strong></span> 
     </span>
     <span class='ocr_line' id='line_1_17' title="bbox 101 1316 1799 1391; baseline -0.004 -12"><span class='ocrx_word' id='word_1_152' title='bbox 101 1339 182 1379; x_wconf 67' lang='lat' dir='ltr'>nt&#39;n&#39;</span> <span class='ocrx_word' id='word_1_153' title='bbox 192 1337 334 1391; x_wconf 67' lang='lat' dir='ltr'>filius,</span> <span class='ocrx_word' id='word_1_154' title='bbox 365 1343 404 1377; x_wconf 74' lang='lat' dir='ltr'>et</span> <span class='ocrx_word' id='word_1_155' title='bbox 420 1337 552 1390; x_wconf 75' lang='lat' dir='ltr'>filium</span> <span class='ocrx_word' id='word_1_156' title='bbox 581 1338 662 1376; x_wconf 69' lang='lat' dir='ltr'>natu·</span> <span class='ocrx_word' id='word_1_157' title='bbox 679 1343 806 1389; x_wconf 78' lang='lat' dir='ltr'>pater.</span> <span class='ocrx_word' id='word_1_158' title='bbox 1699 1317 1743 1351; x_wconf 65' lang='grc' dir='ltr'>η’</span> <span class='ocrx_word' id='word_1_159' title='bbox 1756 1316 1799 1345; x_wconf 70' lang='lat'>²⁷¹</span> 
     </span>
     <span class='ocr_line' id='line_1_18' title="bbox 213 1401 1648 1459; baseline -0.001 -12"><span class='ocrx_word' id='word_1_160' title='bbox 213 1401 270 1447; x_wconf 82' lang='lat' dir='ltr'>ll.</span> <span class='ocrx_word' id='word_1_161' title='bbox 329 1401 597 1459; x_wconf 78' lang='lat' dir='ltr'>Quamobrem</span> <span class='ocrx_word' id='word_1_162' title='bbox 631 1403 976 1445; x_wconf 80' lang='lat' dir='ltr'>circumscribatur</span> <span class='ocrx_word' id='word_1_163' title='bbox 1003 1417 1026 1445; x_wconf 96' lang='lat' dir='ltr'>a</span> <span class='ocrx_word' id='word_1_164' title='bbox 1052 1403 1264 1445; x_wconf 89' lang='lat' dir='ltr'>temerario</span> <span class='ocrx_word' id='word_1_165' title='bbox 1285 1402 1353 1444; x_wconf 90' lang='lat' dir='ltr'>illo</span> <span class='ocrx_word' id='word_1_166' title='bbox 1376 1402 1519 1456; x_wconf 70' lang='lat' dir='ltr'>Ae‘tio,</span> <span class='ocrx_word' id='word_1_167' title='bbox 1561 1411 1648 1446; x_wconf 83' lang='lat' dir='ltr'>tan-</span> 
     </span>
     <span class='ocr_line' id='line_1_19' title="bbox 100 1471 1647 1530; baseline 0 -15"><span class='ocrx_word' id='word_1_168' title='bbox 100 1485 215 1530; x_wconf 73' lang='lat' dir='ltr'>qua·</span> <span class='ocrx_word' id='word_1_169' title='bbox 238 1485 263 1514; x_wconf 86' lang='lat' dir='ltr'>a</span> <span class='ocrx_word' id='word_1_170' title='bbox 284 1471 437 1524; x_wconf 83' lang='lat' dir='ltr'>iudice,</span> <span class='ocrx_word' id='word_1_171' title='bbox 469 1472 720 1529; x_wconf 84' lang='lat' dir='ltr'>pronuntiata</span> <span class='ocrx_word' id='word_1_172' title='bbox 746 1471 967 1523; x_wconf 88' lang='lat' dir='ltr'>sententia,</span> <span class='ocrx_word' id='word_1_173' title='bbox 1010 1486 1089 1514; x_wconf 91' lang='lat' dir='ltr'>non</span> <span class='ocrx_word' id='word_1_174' title='bbox 1111 1471 1277 1513; x_wconf 87' lang='lat' dir='ltr'>eundem</span> <span class='ocrx_word' id='word_1_175' title='bbox 1299 1471 1347 1513; x_wconf 87' lang='lat' dir='ltr'>de</span> <span class='ocrx_word' id='word_1_176' title='bbox 1369 1472 1501 1528; x_wconf 88' lang='lat' dir='ltr'>seipso</span> <span class='ocrx_word' id='word_1_177' title='bbox 1529 1487 1647 1529; x_wconf 88' lang='lat' dir='ltr'>posse</span> 
     </span>
     <span class='ocr_line' id='line_1_20' title="bbox 99 1538 1647 1598; baseline -0.002 -14"><span class='ocrx_word' id='word_1_178' title='bbox 99 1540 259 1598; x_wconf 72' lang='lat' dir='ltr'>genitae</span> <span class='ocrx_word' id='word_1_179' title='bbox 279 1547 444 1583; x_wconf 88' lang='lat' dir='ltr'>naturae</span> <span class='ocrx_word' id='word_1_180' title='bbox 475 1540 591 1582; x_wconf 84' lang='lat' dir='ltr'>simul</span> <span class='ocrx_word' id='word_1_181' title='bbox 618 1547 658 1582; x_wconf 89' lang='lat' dir='ltr'>et</span> <span class='ocrx_word' id='word_1_182' title='bbox 678 1539 876 1596; x_wconf 83' lang='lat' dir='ltr'>ingenitae</span> <span class='ocrx_word' id='word_1_183' title='bbox 900 1539 1116 1581; x_wconf 79' lang='lat' dir='ltr'>informare</span> <span class='ocrx_word' id='word_1_184' title='bbox 1139 1538 1359 1582; x_wconf 86' lang='lat' dir='ltr'>scientiam.</span> <span class='ocrx_word' id='word_1_185' title='bbox 1421 1538 1580 1582; x_wconf 86' lang='lat' dir='ltr'>Etenim</span> <span class='ocrx_word' id='word_1_186' title='bbox 1600 1540 1647 1582; x_wconf 90' lang='lat' dir='ltr'>il-</span> 
     </span>
     <span class='ocr_line' id='line_1_21' title="bbox 97 1607 1646 1665; baseline -0.003 -12"><span class='ocrx_word' id='word_1_187' title='bbox 97 1609 173 1653; x_wconf 75' lang='lat' dir='ltr'>lias</span> <span class='ocrx_word' id='word_1_188' title='bbox 201 1609 363 1652; x_wconf 79' lang='lat' dir='ltr'>decreto</span> <span class='ocrx_word' id='word_1_189' title='bbox 392 1609 468 1651; x_wconf 89' lang='lat' dir='ltr'>iam</span> <span class='ocrx_word' id='word_1_190' title='bbox 496 1609 643 1665; x_wconf 81' lang='lat' dir='ltr'>pridem</span> <span class='ocrx_word' id='word_1_191' title='bbox 675 1608 777 1650; x_wconf 89' lang='lat' dir='ltr'>unici</span> <span class='ocrx_word' id='word_1_192' title='bbox 812 1608 873 1650; x_wconf 87' lang='lat' dir='ltr'>dei</span> <span class='ocrx_word' id='word_1_193' title='bbox 900 1608 966 1650; x_wconf 79' lang='lat' dir='ltr'>tilii</span> <span class='ocrx_word' id='word_1_194' title='bbox 991 1608 1208 1650; x_wconf 87' lang='lat' dir='ltr'>auctoritas</span> <span class='ocrx_word' id='word_1_195' title='bbox 1240 1607 1515 1664; x_wconf 83' lang='lat' dir='ltr'>praescripsit,</span> <span class='ocrx_word' id='word_1_196' title='bbox 1558 1623 1646 1650; x_wconf 87' lang='lat' dir='ltr'>cum</span> 
     </span>
     <span class='ocr_line' id='line_1_22' title="bbox 96 1674 1645 1736; baseline -0.001 -15"><span class='ocrx_word' id='word_1_197' title='bbox 96 1679 145 1721; x_wconf 74' lang='lat' dir='ltr'>&#39;aa</span> <span class='ocrx_word' id='word_1_198' title='bbox 176 1685 326 1736; x_wconf 81' lang='lat' dir='ltr'>patrem</span> <span class='ocrx_word' id='word_1_199' title='bbox 356 1691 501 1729; x_wconf 87' lang='lat' dir='ltr'>nosse,</span> <span class='ocrx_word' id='word_1_200' title='bbox 548 1691 621 1719; x_wconf 90' lang='lat' dir='ltr'>nec</span> <span class='ocrx_word' id='word_1_201' title='bbox 652 1676 770 1719; x_wconf 91' lang='lat' dir='ltr'>alium</span> <span class='ocrx_word' id='word_1_202' title='bbox 810 1683 1040 1733; x_wconf 87' lang='lat' dir='ltr'>praeterea,</span> <span class='ocrx_word' id='word_1_203' title='bbox 1087 1675 1250 1718; x_wconf 79' lang='lat' dir='ltr'>definiit.</span> <span class='ocrx_word' id='word_1_204' title='bbox 1322 1674 1476 1731; x_wconf 81' lang='lat' dir='ltr'>Quibus</span> <span class='ocrx_word' id='word_1_205' title='bbox 1511 1676 1645 1719; x_wconf 85' lang='lat' dir='ltr'>verbis</span> 
     </span>
     <span class='ocr_line' id='line_1_23' title="bbox 98 1744 1646 1804; baseline -0.001 -15"><span class='ocrx_word' id='word_1_206' title='bbox 98 1746 214 1790; x_wconf 81' lang='lat' dir='ltr'>etiam</span> <span class='ocrx_word' id='word_1_207' title='bbox 235 1746 412 1804; x_wconf 88' lang='lat' dir='ltr'>spiritum</span> <span class='ocrx_word' id='word_1_208' title='bbox 441 1752 617 1788; x_wconf 88' lang='lat' dir='ltr'>sanctum</span> <span class='ocrx_word' id='word_1_209' title='bbox 652 1745 767 1787; x_wconf 89' lang='lat' dir='ltr'>simul</span> <span class='ocrx_word' id='word_1_210' title='bbox 798 1745 1035 1787; x_wconf 81' lang='lat' dir='ltr'>existentem</span> <span class='ocrx_word' id='word_1_211' title='bbox 1068 1744 1299 1801; x_wconf 86' lang='lat' dir='ltr'>complexus</span> <span class='ocrx_word' id='word_1_212' title='bbox 1328 1751 1414 1796; x_wconf 86' lang='lat' dir='ltr'>est3</span> <span class='ocrx_word' id='word_1_213' title='bbox 1461 1745 1646 1800; x_wconf 84' lang='lat' dir='ltr'>quemad·</span> 
     </span>
     <span class='ocr_line' id='line_1_24' title="bbox 93 1810 1797 1888; baseline -0.002 -30"><span class='ocrx_word' id='word_1_214' title='bbox 93 1814 250 1858; x_wconf 82' lang='lat' dir='ltr'>modum</span> <span class='ocrx_word' id='word_1_215' title='bbox 270 1813 347 1857; x_wconf 88' lang='lat' dir='ltr'>alio</span> <span class='ocrx_word' id='word_1_216' title='bbox 368 1814 407 1856; x_wconf 90' lang='lat' dir='ltr'>in</span> <span class='ocrx_word' id='word_1_217' title='bbox 428 1814 515 1857; x_wconf 88' lang='lat' dir='ltr'>loco</span> <span class='ocrx_word' id='word_1_218' title='bbox 538 1813 661 1866; x_wconf 88' lang='lat' dir='ltr'>dixit,</span> <span class='ocrx_word' id='word_1_219' title='bbox 694 1816 863 1868; x_wconf 57' lang='lat' dir='ltr'>szrr‘tus</span> <span class='ocrx_word' id='word_1_220' title='bbox 877 1817 1004 1868; x_wconf 70' lang='lat' dir='ltr'>patr-125</span> <span class='ocrx_word' id='word_1_221' title='bbox 1021 1814 1169 1854; x_wconf 81' lang='lat' dir='ltr'>docebit</span> <span class='ocrx_word' id='word_1_222' title='bbox 1185 1828 1262 1853; x_wconf 77' lang='lat' dir='ltr'>vos.</span> <span class='ocrx_word' id='word_1_223' title='bbox 1326 1810 1441 1867; x_wconf 88' lang='lat' dir='ltr'>Quod</span> <span class='ocrx_word' id='word_1_224' title='bbox 1465 1813 1498 1854; x_wconf 89' lang='lat' dir='ltr'>si</span> <span class='ocrx_word' id='word_1_225' title='bbox 1521 1814 1642 1868; x_wconf 87' lang='lat' dir='ltr'>patris</span> <span class='ocrx_word' id='word_1_226' title='bbox 1692 1825 1797 1888; x_wconf 51' lang='lat'>{3⁸11}</span> 
     </span>
     <span class='ocr_line' id='line_1_25' title="bbox 95 1878 1797 1941; baseline -0.002 -15"><span class='ocrx_word' id='word_1_227' title='bbox 95 1883 163 1926; x_wconf 86' lang='lat' dir='ltr'>ille</span> <span class='ocrx_word' id='word_1_228' title='bbox 183 1882 346 1941; x_wconf 85' lang='lat' dir='ltr'>spiritns</span> <span class='ocrx_word' id='word_1_229' title='bbox 366 1890 449 1934; x_wconf 85' lang='lat' dir='ltr'>est,</span> <span class='ocrx_word' id='word_1_230' title='bbox 492 1896 541 1924; x_wconf 91' lang='lat' dir='ltr'>ne</span> <span class='ocrx_word' id='word_1_231' title='bbox 562 1882 686 1939; x_wconf 91' lang='lat' dir='ltr'>ipsum</span> <span class='ocrx_word' id='word_1_232' title='bbox 715 1882 868 1937; x_wconf 91' lang='lat' dir='ltr'>quidem</span> <span class='ocrx_word' id='word_1_233' title='bbox 892 1889 1041 1939; x_wconf 84' lang='lat' dir='ltr'>patrem</span> <span class='ocrx_word' id='word_1_234' title='bbox 1073 1882 1243 1937; x_wconf 83' lang='lat' dir='ltr'>ignorat.</span> <span class='ocrx_word' id='word_1_235' title='bbox 1306 1879 1406 1924; x_wconf 89' lang='lat' dir='ltr'>Cum</span> <span class='ocrx_word' id='word_1_236' title='bbox 1435 1890 1564 1923; x_wconf 87' lang='lat' dir='ltr'>autem</span> <span class='ocrx_word' id='word_1_237' title='bbox 1586 1882 1642 1923; x_wconf 90' lang='lat' dir='ltr'>di·</span> <span class='ocrx_word' id='word_1_238' title='bbox 1727 1881 1736 1895; x_wconf 90' lang='lat'>’</span> <span class='ocrx_word' id='word_1_239' title='bbox 1788 1878 1797 1887; x_wconf 71' lang='lat'><em>⁶</em></span> 
     </span>
     <span class='ocr_line' id='line_1_26' title="bbox 95 1950 1643 2007; baseline -0.001 -13"><span class='ocrx_word' id='word_1_240' title='bbox 95 1952 181 2004; x_wconf 81' lang='lat' dir='ltr'>xit,</span> <span class='ocrx_word' id='word_1_241' title='bbox 221 1953 341 1993; x_wconf 70' lang='lat' dir='ltr'>Nemo</span> <span class='ocrx_word' id='word_1_242' title='bbox 362 1954 467 1992; x_wconf 76' lang='lat' dir='ltr'>novit</span> <span class='ocrx_word' id='word_1_243' title='bbox 481 1959 627 2005; x_wconf 79' lang='lat' dir='ltr'>putrem</span> <span class='ocrx_word' id='word_1_244' title='bbox 653 1952 875 2004; x_wconf 65' lang='lat' dir='ltr'>mkifile&#39;us,</span> <span class='ocrx_word' id='word_1_245' title='bbox 921 1950 1173 2007; x_wconf 86' lang='lat' dir='ltr'>semetipsum</span> <span class='ocrx_word' id='word_1_246' title='bbox 1197 1950 1345 2007; x_wconf 80' lang='lat' dir='ltr'>pariter</span> <span class='ocrx_word' id='word_1_247' title='bbox 1365 1958 1404 1992; x_wconf 89' lang='lat' dir='ltr'>et</span> <span class='ocrx_word' id='word_1_248' title='bbox 1425 1956 1574 2006; x_wconf 87' lang='lat' dir='ltr'>patrem</span> <span class='ocrx_word' id='word_1_249' title='bbox 1597 1964 1643 1992; x_wconf 88' lang='lat' dir='ltr'>ac</span> 
     </span>
     <span class='ocr_line' id='line_1_27' title="bbox 95 2019 1645 2077; baseline 0 -15"><span class='ocrx_word' id='word_1_250' title='bbox 95 2019 272 2077; x_wconf 75' lang='lat' dir='ltr'>spiritum</span> <span class='ocrx_word' id='word_1_251' title='bbox 294 2026 471 2061; x_wconf 87' lang='lat' dir='ltr'>sanctum</span> <span class='ocrx_word' id='word_1_252' title='bbox 492 2025 713 2061; x_wconf 85' lang='lat' dir='ltr'>ceterorum</span> <span class='ocrx_word' id='word_1_253' title='bbox 731 2033 830 2075; x_wconf 89' lang='lat' dir='ltr'>quae</span> <span class='ocrx_word' id='word_1_254' title='bbox 851 2019 900 2061; x_wconf 89' lang='lat' dir='ltr'>ab</span> <span class='ocrx_word' id='word_1_255' title='bbox 921 2026 1085 2061; x_wconf 87' lang='lat' dir='ltr'>aeterno</span> <span class='ocrx_word' id='word_1_256' title='bbox 1106 2033 1185 2061; x_wconf 93' lang='lat' dir='ltr'>non</span> <span class='ocrx_word' id='word_1_257' title='bbox 1206 2026 1313 2071; x_wconf 90' lang='lat' dir='ltr'>sunt,</span> <span class='ocrx_word' id='word_1_258' title='bbox 1346 2019 1415 2061; x_wconf 89' lang='lat' dir='ltr'>sed</span> <span class='ocrx_word' id='word_1_259' title='bbox 1437 2028 1645 2076; x_wconf 80' lang='lat' dir='ltr'>procreata</span> 
     </span>
     <span class='ocr_line' id='line_1_28' title="bbox 95 2086 1643 2143; baseline 0 -13"><span class='ocrx_word' id='word_1_260' title='bbox 95 2094 211 2142; x_wconf 76' lang='lat' dir='ltr'>suut,</span> <span class='ocrx_word' id='word_1_261' title='bbox 253 2087 517 2130; x_wconf 87' lang='lat' dir='ltr'>conditionem</span> <span class='ocrx_word' id='word_1_262' title='bbox 548 2087 774 2129; x_wconf 81' lang='lat' dir='ltr'>excessisse</span> <span class='ocrx_word' id='word_1_263' title='bbox 806 2087 1014 2143; x_wconf 84' lang='lat' dir='ltr'>significat.</span> <span class='ocrx_word' id='word_1_264' title='bbox 1077 2086 1344 2143; x_wconf 81' lang='lat' dir='ltr'>Quamobrem</span> <span class='ocrx_word' id='word_1_265' title='bbox 1378 2101 1465 2129; x_wconf 91' lang='lat' dir='ltr'>cnm</span> <span class='ocrx_word' id='word_1_266' title='bbox 1494 2088 1543 2130; x_wconf 85' lang='lat' dir='ltr'>ab</span> <span class='ocrx_word' id='word_1_267' title='bbox 1576 2102 1643 2130; x_wconf 90' lang='lat' dir='ltr'>ae·</span> 
     </span>
     <span class='ocr_line' id='line_1_29' title="bbox 96 2154 1643 2214; baseline -0.001 -15"><span class='ocrx_word' id='word_1_268' title='bbox 96 2162 211 2199; x_wconf 78' lang='lat' dir='ltr'>terno</span> <span class='ocrx_word' id='word_1_269' title='bbox 235 2162 385 2214; x_wconf 87' lang='lat' dir='ltr'>patrem</span> <span class='ocrx_word' id='word_1_270' title='bbox 418 2154 519 2197; x_wconf 86' lang='lat' dir='ltr'>lilius</span> <span class='ocrx_word' id='word_1_271' title='bbox 542 2155 795 2210; x_wconf 81' lang='lat' dir='ltr'>cognoverit,</span> <span class='ocrx_word' id='word_1_272' title='bbox 840 2156 983 2197; x_wconf 71' lang='lat' dir='ltr'>trustra</span> <span class='ocrx_word' id='word_1_273' title='bbox 1009 2155 1123 2198; x_wconf 86' lang='lat' dir='ltr'>nobis</span> <span class='ocrx_word' id='word_1_274' title='bbox 1146 2155 1289 2198; x_wconf 61' lang='lat' dir='ltr'>A’etins</span> <span class='ocrx_word' id='word_1_275' title='bbox 1321 2156 1538 2211; x_wconf 84' lang='lat' dir='ltr'>nugacibus</span> <span class='ocrx_word' id='word_1_276' title='bbox 1559 2157 1643 2199; x_wconf 89' lang='lat' dir='ltr'>suis</span> 
     </span>
     <span class='ocr_line' id='line_1_30' title="bbox 96 2223 1642 2281; baseline -0.001 -14"><span class='ocrx_word' id='word_1_277' title='bbox 96 2223 230 2267; x_wconf 81' lang='lat' dir='ltr'>verbis</span> <span class='ocrx_word' id='word_1_278' title='bbox 259 2223 451 2280; x_wconf 89' lang='lat' dir='ltr'>obrepere</span> <span class='ocrx_word' id='word_1_279' title='bbox 486 2230 674 2274; x_wconf 79' lang='lat' dir='ltr'>conatnr3</span> <span class='ocrx_word' id='word_1_280' title='bbox 718 2237 804 2265; x_wconf 92' lang='lat' dir='ltr'>cum</span> <span class='ocrx_word' id='word_1_281' title='bbox 839 2223 1200 2266; x_wconf 82' lang='lat' dir='ltr'>manifestissimum</span> <span class='ocrx_word' id='word_1_282' title='bbox 1231 2225 1283 2266; x_wconf 89' lang='lat' dir='ltr'>sit</span> <span class='ocrx_word' id='word_1_283' title='bbox 1313 2224 1439 2281; x_wconf 89' lang='lat' dir='ltr'>ipsum</span> <span class='ocrx_word' id='word_1_284' title='bbox 1473 2224 1642 2266; x_wconf 86' lang='lat' dir='ltr'>bominis</span> 
     </span>
     <span class='ocr_line' id='line_1_31' title="bbox 98 2291 1644 2348; baseline -0.001 -13"><span class='ocrx_word' id='word_1_285' title='bbox 98 2306 208 2335; x_wconf 81' lang='lat' dir='ltr'>more</span> <span class='ocrx_word' id='word_1_286' title='bbox 230 2292 406 2348; x_wconf 79' lang='lat' dir='ltr'>cogitare</span> <span class='ocrx_word' id='word_1_287' title='bbox 422 2325 433 2343; x_wconf 91' lang='lat'><strong>‚</strong></span> <span class='ocrx_word' id='word_1_288' title='bbox 467 2306 512 2334; x_wconf 88' lang='lat' dir='ltr'>ac</span> <span class='ocrx_word' id='word_1_289' title='bbox 532 2291 744 2333; x_wconf 80' lang='lat' dir='ltr'>carnaliter</span> <span class='ocrx_word' id='word_1_290' title='bbox 765 2291 987 2347; x_wconf 87' lang='lat' dir='ltr'>inquirere,</span> <span class='ocrx_word' id='word_1_291' title='bbox 1020 2299 1060 2334; x_wconf 91' lang='lat' dir='ltr'>et</span> <span class='ocrx_word' id='word_1_292' title='bbox 1083 2292 1290 2334; x_wconf 82' lang='lat' dir='ltr'>animalem</span> <span class='ocrx_word' id='word_1_293' title='bbox 1322 2306 1437 2344; x_wconf 84' lang='lat' dir='ltr'>esse,</span> <span class='ocrx_word' id='word_1_294' title='bbox 1484 2298 1644 2348; x_wconf 85' lang='lat' dir='ltr'>propter</span> 
     </span>
     <span class='ocr_line' id='line_1_32' title="bbox 98 2360 1639 2417; baseline -0.002 -13"><span class='ocrx_word' id='word_1_295' title='bbox 98 2373 187 2404; x_wconf 73' lang='lat' dir='ltr'>eu·</span> <span class='ocrx_word' id='word_1_296' title='bbox 218 2360 283 2417; x_wconf 86' lang='lat' dir='ltr'>qui</span> <span class='ocrx_word' id='word_1_297' title='bbox 311 2367 389 2402; x_wconf 91' lang='lat' dir='ltr'>tam</span> <span class='ocrx_word' id='word_1_298' title='bbox 420 2374 464 2402; x_wconf 83' lang='lat' dir='ltr'>se</span> <span class='ocrx_word' id='word_1_299' title='bbox 493 2374 609 2416; x_wconf 87' lang='lat' dir='ltr'>qnam</span> <span class='ocrx_word' id='word_1_300' title='bbox 637 2366 785 2415; x_wconf 85' lang='lat' dir='ltr'>patrem</span> <span class='ocrx_word' id='word_1_301' title='bbox 818 2361 1043 2415; x_wconf 80' lang='lat' dir='ltr'>cognoscit,</span> <span class='ocrx_word' id='word_1_302' title='bbox 1087 2375 1161 2402; x_wconf 89' lang='lat' dir='ltr'>una</span> <span class='ocrx_word' id='word_1_303' title='bbox 1190 2375 1276 2402; x_wconf 87' lang='lat' dir='ltr'>eum</span> <span class='ocrx_word' id='word_1_304' title='bbox 1310 2360 1448 2417; x_wconf 88' lang='lat' dir='ltr'>spiritu</span> <span class='ocrx_word' id='word_1_305' title='bbox 1485 2367 1639 2402; x_wconf 85' lang='lat' dir='ltr'>sancto.</span> 
     </span>
     <span class='ocr_line' id='line_1_33' title="bbox 96 2426 1640 2486; baseline -0.001 -15"><span class='ocrx_word' id='word_1_306' title='bbox 96 2426 346 2486; x_wconf 75' lang='lat' dir='ltr'>Quapropter</span> <span class='ocrx_word' id='word_1_307' title='bbox 369 2429 466 2471; x_wconf 91' lang='lat' dir='ltr'>deus</span> <span class='ocrx_word' id='word_1_308' title='bbox 490 2428 539 2470; x_wconf 89' lang='lat' dir='ltr'>ab</span> <span class='ocrx_word' id='word_1_309' title='bbox 564 2427 669 2470; x_wconf 89' lang='lat' dir='ltr'>omni</span> <span class='ocrx_word' id='word_1_310' title='bbox 694 2440 833 2469; x_wconf 83' lang='lat' dir='ltr'>caussa</span> <span class='ocrx_word' id='word_1_311' title='bbox 856 2427 1114 2471; x_wconf 84' lang='lat' dir='ltr'>vindicandus</span> <span class='ocrx_word' id='word_1_312' title='bbox 1146 2435 1229 2480; x_wconf 90' lang='lat' dir='ltr'>est,</span> <span class='ocrx_word' id='word_1_313' title='bbox 1273 2443 1351 2471; x_wconf 91' lang='lat' dir='ltr'>non</span> <span class='ocrx_word' id='word_1_314' title='bbox 1375 2428 1491 2470; x_wconf 92' lang='lat' dir='ltr'>modo</span> <span class='ocrx_word' id='word_1_315' title='bbox 1512 2434 1640 2484; x_wconf 87' lang='lat' dir='ltr'>pater,</span> 
     </span>
     <span class='ocr_line' id='line_1_34' title="bbox 95 2493 1641 2554; baseline -0.001 -15"><span class='ocrx_word' id='word_1_316' title='bbox 95 2497 166 2540; x_wconf 84' lang='lat' dir='ltr'>sed</span> <span class='ocrx_word' id='word_1_317' title='bbox 197 2503 239 2539; x_wconf 84' lang='lat' dir='ltr'>et</span> <span class='ocrx_word' id='word_1_318' title='bbox 266 2497 368 2539; x_wconf 81' lang='lat' dir='ltr'>lilius</span> <span class='ocrx_word' id='word_1_319' title='bbox 400 2511 446 2538; x_wconf 83' lang='lat' dir='ltr'>ac</span> <span class='ocrx_word' id='word_1_320' title='bbox 476 2496 636 2553; x_wconf 89' lang='lat' dir='ltr'>spiritus</span> <span class='ocrx_word' id='word_1_321' title='bbox 661 2502 838 2537; x_wconf 85' lang='lat' dir='ltr'>sanctus.</span> <span class='ocrx_word' id='word_1_322' title='bbox 899 2493 1102 2552; x_wconf 86' lang='lat' dir='ltr'>Siquidem</span> <span class='ocrx_word' id='word_1_323' title='bbox 1135 2496 1278 2554; x_wconf 86' lang='lat' dir='ltr'>patris,</span> <span class='ocrx_word' id='word_1_324' title='bbox 1321 2496 1388 2538; x_wconf 86' lang='lat' dir='ltr'>lilii</span> <span class='ocrx_word' id='word_1_325' title='bbox 1412 2510 1457 2537; x_wconf 91' lang='lat' dir='ltr'>ac</span> <span class='ocrx_word' id='word_1_326' title='bbox 1480 2496 1641 2553; x_wconf 87' lang='lat' dir='ltr'>spiritus</span> 
     </span>
     <span class='ocr_line' id='line_1_35' title="bbox 95 2564 1641 2621; baseline -0.001 -13"><span class='ocrx_word' id='word_1_327' title='bbox 95 2564 223 2608; x_wconf 74' lang='lat' dir='ltr'>nacti</span> <span class='ocrx_word' id='word_1_328' title='bbox 242 2564 452 2617; x_wconf 80' lang='lat' dir='ltr'>divinitas,</span> <span class='ocrx_word' id='word_1_329' title='bbox 485 2566 585 2621; x_wconf 89' lang='lat' dir='ltr'>qnod</span> <span class='ocrx_word' id='word_1_330' title='bbox 610 2577 726 2606; x_wconf 91' lang='lat' dir='ltr'>nemo</span> <span class='ocrx_word' id='word_1_331' title='bbox 747 2577 824 2605; x_wconf 87' lang='lat' dir='ltr'>non</span> <span class='ocrx_word' id='word_1_332' title='bbox 854 2564 1087 2617; x_wconf 74' lang='lat' dir='ltr'>confltetur,</span> <span class='ocrx_word' id='word_1_333' title='bbox 1129 2578 1269 2607; x_wconf 85' lang='lat' dir='ltr'>caussa</span> <span class='ocrx_word' id='word_1_334' title='bbox 1301 2572 1362 2607; x_wconf 90' lang='lat' dir='ltr'>est</span> <span class='ocrx_word' id='word_1_335' title='bbox 1391 2565 1495 2607; x_wconf 88' lang='lat' dir='ltr'>omni</span> <span class='ocrx_word' id='word_1_336' title='bbox 1528 2578 1641 2621; x_wconf 87' lang='lat' dir='ltr'>prac-</span> 
     </span>
     <span class='ocr_line' id='line_1_36' title="bbox 95 2634 279 2679; baseline -0.016 1"><span class='ocrx_word' id='word_1_337' title='bbox 95 2634 279 2679; x_wconf 75' lang='lat' dir='ltr'>stantior.</span> 
     </span>
     <span class='ocr_line' id='line_1_37' title="bbox 207 2698 1640 2760; baseline -0.001 -15"><span class='ocrx_word' id='word_1_338' title='bbox 207 2702 316 2745; x_wconf 76' lang='lat' dir='ltr'>Astii</span> <span class='ocrx_word' id='word_1_339' title='bbox 338 2699 468 2760; x_wconf 87' lang='lat' dir='ltr'>Caput</span> <span class='ocrx_word' id='word_1_340' title='bbox 490 2702 667 2744; x_wconf 84' lang='lat' dir='ltr'>xxxut.</span> <span class='ocrx_word' id='word_1_341' title='bbox 728 2698 772 2743; x_wconf 88' lang='lat' dir='ltr'>Si</span> <span class='ocrx_word' id='word_1_342' title='bbox 793 2699 1008 2755; x_wconf 78' lang='lat' dir='ltr'>ingenitum</span> <span class='ocrx_word' id='word_1_343' title='bbox 1030 2714 1210 2743; x_wconf 85' lang='lat' dir='ltr'>caussam</span> <span class='ocrx_word' id='word_1_344' title='bbox 1230 2700 1373 2743; x_wconf 83' lang='lat' dir='ltr'>nullam</span> <span class='ocrx_word' id='word_1_345' title='bbox 1395 2699 1550 2757; x_wconf 82' lang='lat' dir='ltr'>penitus</span> <span class='ocrx_word' id='word_1_346' title='bbox 1569 2700 1640 2743; x_wconf 87' lang='lat' dir='ltr'>ba-</span> 
     </span>
     <span class='ocr_line' id='line_1_38' title="bbox 95 2767 1639 2828; baseline -0.001 -15"><span class='ocrx_word' id='word_1_347' title='bbox 95 2769 177 2823; x_wconf 73' lang='lat' dir='ltr'>bet,</span> <span class='ocrx_word' id='word_1_348' title='bbox 208 2770 365 2827; x_wconf 83' lang='lat' dir='ltr'>sintque</span> <span class='ocrx_word' id='word_1_349' title='bbox 387 2771 559 2828; x_wconf 80' lang='lat' dir='ltr'>ingenita</span> <span class='ocrx_word' id='word_1_350' title='bbox 582 2769 798 2826; x_wconf 84' lang='lat' dir='ltr'>complura,</span> <span class='ocrx_word' id='word_1_351' title='bbox 830 2767 1056 2810; x_wconf 88' lang='lat' dir='ltr'>immutabili</span> <span class='ocrx_word' id='word_1_352' title='bbox 1078 2782 1219 2811; x_wconf 88' lang='lat' dir='ltr'>caussa</span> <span class='ocrx_word' id='word_1_353' title='bbox 1242 2768 1493 2811; x_wconf 86' lang='lat' dir='ltr'>constabunt.</span> <span class='ocrx_word' id='word_1_354' title='bbox 1554 2767 1639 2812; x_wconf 88' lang='lat' dir='ltr'>Ne·</span> 
     </span>
     <span class='ocr_line' id='line_1_39' title="bbox 96 2836 1639 2894; baseline 0 -14"><span class='ocrx_word' id='word_1_355' title='bbox 96 2851 171 2894; x_wconf 72' lang='lat' dir='ltr'>que</span> <span class='ocrx_word' id='word_1_356' title='bbox 197 2838 300 2880; x_wconf 91' lang='lat' dir='ltr'>enim</span> <span class='ocrx_word' id='word_1_357' title='bbox 334 2838 441 2881; x_wconf 82' lang='lat' dir='ltr'>velut</span> <span class='ocrx_word' id='word_1_358' title='bbox 472 2839 656 2881; x_wconf 86' lang='lat' dir='ltr'>attributa</span> <span class='ocrx_word' id='word_1_359' title='bbox 689 2836 905 2879; x_wconf 84' lang='lat' dir='ltr'>communis</span> <span class='ocrx_word' id='word_1_360' title='bbox 938 2836 1138 2879; x_wconf 86' lang='lat' dir='ltr'>cuiusdam</span> <span class='ocrx_word' id='word_1_361' title='bbox 1167 2850 1214 2878; x_wconf 89' lang='lat' dir='ltr'>ac</span> <span class='ocrx_word' id='word_1_362' title='bbox 1239 2837 1446 2893; x_wconf 87' lang='lat' dir='ltr'>peculiaris</span> <span class='ocrx_word' id='word_1_363' title='bbox 1473 2844 1639 2881; x_wconf 83' lang='lat' dir='ltr'>naturae</span> 
     </span>
     <span class='ocr_line' id='line_1_40' title="bbox 97 2904 1576 2964; baseline 0 -16"><span class='ocrx_word' id='word_1_364' title='bbox 97 2905 320 2948; x_wconf 89' lang='lat' dir='ltr'>conditione</span> <span class='ocrx_word' id='word_1_365' title='bbox 350 2906 621 2964; x_wconf 82' lang='lat' dir='ltr'>particepsque</span> <span class='ocrx_word' id='word_1_366' title='bbox 653 2907 751 2947; x_wconf 76' lang='lat' dir='ltr'>tacta</span> <span class='ocrx_word' id='word_1_367' title='bbox 782 2904 906 2946; x_wconf 89' lang='lat' dir='ltr'>altera</span> <span class='ocrx_word' id='word_1_368' title='bbox 938 2905 1069 2947; x_wconf 89' lang='lat' dir='ltr'>molita</span> <span class='ocrx_word' id='word_1_369' title='bbox 1100 2912 1184 2956; x_wconf 89' lang='lat' dir='ltr'>est,</span> <span class='ocrx_word' id='word_1_370' title='bbox 1217 2905 1340 2947; x_wconf 83' lang='lat' dir='ltr'>altera</span> <span class='ocrx_word' id='word_1_371' title='bbox 1372 2906 1576 2962; x_wconf 86' lang='lat' dir='ltr'>producta.</span> 
     </span>
    </p>
   </div>
   <div class='ocr_carea' id='block_1_3' title="bbox 139 2981 1636 3121">
    <p class='ocr_par' dir='ltr' id='par_1_3' title="bbox 139 2981 1636 3121">
     <span class='ocr_line' id='line_1_41' title="bbox 139 2981 1636 3029; baseline -0.001 -8"><span class='ocrx_word' id='word_1_372' title='bbox 139 2983 174 3020; x_wconf 79' lang='lat'>9.</span> <span class='ocrx_word' id='word_1_373' title='bbox 196 2981 301 3021; x_wconf 70' lang='grc' dir='ltr'><strong>αὐτοῦ</strong></span> <span class='ocrx_word' id='word_1_374' title='bbox 323 2987 392 3020; x_wconf 74' lang='lat' dir='ltr'>eoa.</span> <span class='ocrx_word' id='word_1_375' title='bbox 415 2987 544 3028; x_wconf 59' lang='lat' dir='ltr'>amata.</span> <span class='ocrx_word' id='word_1_376' title='bbox 943 2985 970 3018; x_wconf 83' lang='grc' dir='ltr'>ι.</span> <span class='ocrx_word' id='word_1_377' title='bbox 998 2986 1095 3018; x_wconf 69' lang='lat' dir='ltr'>verba</span> <span class='ocrx_word' id='word_1_378' title='bbox 1114 2981 1139 3029; x_wconf 64' lang='grc' dir='ltr'><strong>ἢ</strong></span> <span class='ocrx_word' id='word_1_379' title='bbox 1163 2981 1279 3029; x_wconf 70' lang='grc' dir='ltr'>μὶν-</span> <span class='ocrx_word' id='word_1_380' title='bbox 1295 2983 1421 3029; x_wconf 68' lang='grc' dir='ltr'>ἐγίνετο</span> <span class='ocrx_word' id='word_1_381' title='bbox 1442 2988 1548 3021; x_wconf 66' lang='lat' dir='ltr'>men</span> <span class='ocrx_word' id='word_1_382' title='bbox 1566 2988 1636 3021; x_wconf 71' lang='lat' dir='ltr'>eoa.</span> 
     </span>
     <span class='ocr_line' id='line_1_42' title="bbox 145 3028 1017 3074; baseline -0.002 -9"><span class='ocrx_word' id='word_1_383' title='bbox 145 3030 196 3065; x_wconf 80' lang='lat'>10·</span> <span class='ocrx_word' id='word_1_384' title='bbox 217 3028 258 3066; x_wconf 76' lang='grc' dir='ltr'>τὸ</span> <span class='ocrx_word' id='word_1_385' title='bbox 279 3041 340 3064; x_wconf 71' lang='lat' dir='ltr'>cm.</span> <span class='ocrx_word' id='word_1_386' title='bbox 364 3033 431 3065; x_wconf 77' lang='lat' dir='ltr'>cod.</span> <span class='ocrx_word' id='word_1_387' title='bbox 457 3033 586 3073; x_wconf 66' lang='lat' dir='ltr'>Rhedt&#39;y.</span> <span class='ocrx_word' id='word_1_388' title='bbox 888 3031 1017 3074; x_wconf 60' lang='lat' dir='ltr'>tit-easy.</span> 
     </span>
     <span class='ocr_line' id='line_1_43' title="bbox 145 3071 773 3121; baseline -0.002 -12"><span class='ocrx_word' id='word_1_389' title='bbox 145 3075 196 3109; x_wconf 82' lang='lat' dir='ltr'>n.</span> <span class='ocrx_word' id='word_1_390' title='bbox 218 3073 258 3112; x_wconf 74' lang='grc' dir='ltr'>τὸ</span> <span class='ocrx_word' id='word_1_391' title='bbox 282 3071 375 3120; x_wconf 68' lang='grc' dir='ltr'><strong>ἅγιον</strong></span> <span class='ocrx_word' id='word_1_392' title='bbox 398 3076 530 3121; x_wconf 73' lang='grc' dir='ltr'>πνεῦμα</span> <span class='ocrx_word' id='word_1_393' title='bbox 551 3078 620 3111; x_wconf 71' lang='lat' dir='ltr'>cod.</span> <span class='ocrx_word' id='word_1_394' title='bbox 647 3078 773 3118; x_wconf 68' lang='lat' dir='ltr'>Rhedta.</span> 
     </span>
    </p>
   </div>
  </div>
 </body>
</html>
