2020 3276
686 248 1120 283 Amcssrmnfflosls.
1596 235 1678 276 557

132 337 212 384 ut,
242 344 383 375 uanus
406 344 453 372 ac
475 330 595 387 pedes
616 337 657 370 et
677 329 900 371 confossum
920 327 1022 370 latus
1038 342 1124 370 cum
1149 326 1304 368 ossibus
1324 339 1371 368 ac
1390 323 1526 366 nervis
1546 330 1679 365 osten-

133 399 213 453 dit,
245 399 345 443 adeo
369 413 471 455 quac
492 406 571 441 tum
593 397 829 439 videbantur
849 396 973 438 solida
999 404 1136 446 erant,
1180 409 1254 437 nec
1274 394 1404 450 specie
1427 400 1542 435 tenus
1565 399 1679 434 exta-

132 466 244 511 hat.
303 465 458 523 Quibus
487 466 606 509 rebus
631 480 765 508 eornm
792 466 964 507 omnium
988 478 1088 520 quae
1110 464 1196 506 fidei
1217 462 1379 519 speique
1410 469 1568 504 nostrae
1589 475 1679 517 pro-

133 536 263 595 posita
290 538 384 579 suut
415 535 695 593 promissorum
727 548 798 590 per
832 547 923 575 sese
954 533 1162 574 veritatem
1197 531 1444 573 confirmavit
1474 528 1680 587 perficiens

123 606 291 659 iunia,
333 618 460 660 neque
493 604 581 646 licta
610 604 803 645 duntaxat
835 601 1032 657 imagine,
1079 602 1148 642 sed
1184 599 1314 656 reipsa
1348 614 1433 641 cum
1472 598 1554 640 suis
1587 612 1681 640 con-

135 686 305 718 νεοσσοί
337 680 377 716 et
410 673 601 714 babitans.
663 670 770 726 Quin
806 670 964 712 eosdem
996 668 1187 719 instituit,
1231 683 1276 710 ac
1311 668 1483 709 coeleste
1516 681 1679 723 regnum

134 747 225 786 e*-
258 742 427 785 veritate
461 740 643 783 nuntiare
679 739 831 790 docuit,
879 746 959 780 tum
996 752 1083 780 cum
1119 737 1333 779 maximum
1366 736 1458 778 illud
1491 736 1682 791 longeque

130 811 387 870 ‘pr-ncipatum
412 823 598 851 arcanum
620 807 822 864 discipulis
844 807 1020 864 aperuit:
1062 810 1221 855 Docete,
1255 805 1402 861 inquit,
1447 819 1572 845 omnes
1585 818 1681 857 gen-

135 887 206 922 ua.
268 877 356 922 Hoc
377 885 462 931 est,
509 878 572 919 Ab
593 876 840 933 improbitate
864 876 950 918 illas
985 876 1031 917 ad
1063 875 1269 917 veritatem
1285 906 1296 925 ,
1341 874 1388 915 ab
1414 873 1533 915 sectis
1558 873 1680 914 variis

136 948 186 992 ad
215 948 381 991 eandem
410 947 652 989 divinitatem
689 944 905 987 traducite=
948 947 1148 998 Baptizate
1174 957 1238 984 eas
1269 946 1309 983 in
1335 945 1482 983 nomine
1502 945 1627 995 patris
1646 949 1684 981 et

123 1018 215 1072 filia·
236 1024 278 1058 et
294 1019 454 1071 spiram
480 1018 626 1064 sancti,
675 1013 855 1055 nimirum
890 1013 928 1055 in
964 1013 1158 1054 dominica
1185 1010 1371 1053 trinitatis
1404 1011 1679 1066 appellatione,

137 1085 240 1142 qnod
269 1084 396 1143 ipsum
426 1090 718 1133 sacrosanctum
746 1091 808 1125 est
830 1097 876 1124 ac
898 1082 1047 1137 regium
1080 1081 1260 1137 signnm,
1302 1093 1378 1135 quo
1410 1080 1474 1121 vel
1496 1079 1582 1135 ipso
1613 1092 1684 1119 no-

139 1154 247 1198 -iue
268 1154 531 1209 signiticaret,
575 1151 671 1193 nibil
698 1165 787 1192 esse
818 1150 866 1192 ab
889 1150 1039 1193 unitate
1066 1149 1281 1192 diversum.
1343 1145 1444 1190 Cum
1480 1149 1583 1188 enim
1619 1146 1686 1188 ba—

136 1221 279 1280 ptizari
299 1221 478 1264 homines
502 1221 607 1262 iubet
633 1224 672 1261 in
694 1222 842 1260 nomine
861 1222 1012 1273 patris,
1058 1219 1173 1260 firma
1198 1232 1244 1259 ac
1271 1217 1423 1259 stabilis
1444 1223 1506 1258 est
1534 1215 1684 1271 gloriae

137 1290 394 1350 praedicatio.
456 1288 572 1345 Quod
598 1303 696 1331 vero
718 1289 871 1330 additur
893 1291 932 1328 in
953 1291 1100 1328 nomine
1113 1289 1219 1341 filii,
1252 1286 1357 1328 nulla
1383 1299 1426 1326 re
1451 1285 1554 1326 hunc
1573 1298 1596 1325 a
1618 1297 1685 1340 pa-

137 1366 252 1402 oerna
284 1358 473 1415 dignitate
510 1357 684 1399 deficere
716 1357 924 1413 appellatio
958 1355 1041 1412 ipsa
1078 1356 1267 1397 declarat.
1331 1352 1541 1395 Postremo
1566 1352 1614 1394 iis
1644 1352 1684 1393 in

136 1427 299 1480 verbis,
338 1430 384 1468 In
415 1429 563 1468 nemim
589 1429 749 1480 spiritus
782 1428 928 1474 sancti,
976 1425 1081 1466 nulla
1116 1431 1176 1465 est
1202 1421 1491 1466 coniunctionis
1525 1421 1680 1472 divisio,

135 1497 314 1541 varietas
344 1495 474 1547 nulla,
507 1508 633 1550 neque
664 1494 712 1536 ab
744 1508 818 1535 una
851 1493 1053 1535 divinitate
1084 1493 1308 1535 diversitas.

252 1563 434 1620 Denique
465 1563 603 1605 eodem
635 1577 722 1604 cum
761 1576 928 1618 corpore
961 1569 1001 1603 et
1032 1561 1163 1603 anima
1194 1568 1402 1616 menteque
1440 1559 1486 1601 ad
1518 1572 1684 1615 superos

136 1640 304 1677 metm
325 1640 412 1684 est,
454 1631 635 1675 omnibus
656 1630 734 1674 illis
756 1631 797 1672 in
820 1645 938 1672 unum
963 1630 1166 1682 conflatis,
1213 1637 1330 1685 atque
1354 1629 1394 1670 in
1419 1628 1581 1670 eandem
1607 1627 1684 1683 spi-

138 1701 294 1746 thah-
319 1714 527 1758 personam
557 1699 883 1744 concurrentibus
916 1699 1137 1755 divinisqne
1166 1697 1344 1740 redditis.
1407 1695 1503 1738 lnde
1525 1710 1621 1738 mox
1645 1702 1687 1736 ut

141 1771 191 1813 ad
209 1769 333 1828 patris
353 1770 532 1812 dextram
555 1768 756 1820 consedit,
802 1781 1018 1824 praecones
1042 1767 1081 1809 in
1110 1766 1337 1809 universnm
1364 1765 1499 1807 orbem
1523 1764 1684 1815 dimisit,

140 1835 344 1883 Sinonem
362 1836 522 1881 Petrum
537 1869 549 1890 ‚
582 1845 623 1880 et
645 1837 846 1879 Andream
870 1836 956 1878 eius
978 1837 1164 1887 fratrem,
1197 1833 1404 1887 Iacobum,
1437 1841 1479 1876 et
1499 1832 1686 1876 loannem

144 1905 345 1950 Zebedaei
369 1906 492 1957 lilios,
524 1920 624 1963 quos
644 1905 735 1948 olim
763 1906 986 1961 delegerat,
1018 1902 1236 1961 Philippum
1259 1910 1300 1946 et
1324 1902 1684 1954 Bartholomaeum‚

142 1972 413 2024 Mantineam,
447 1974 659 2026 Thomam‚
691 1981 732 2016 et
754 1972 904 2026 ludam,
937 1989 983 2015 ac
1007 1972 1285 2023 Thaddaeum,
1318 1979 1359 2014 et
1380 1971 1583 2014 Simonem
1608 1969 1687 2012 Ze-

142 2043 275 2094 loteu,
321 2050 362 2086 et
392 2041 526 2086 ludam
563 2041 814 2094 iscariotem,
858 2056 881 2084 a
910 2057 988 2098 quo
1021 2042 1086 2084 ille
1121 2042 1285 2083 traditus
1315 2047 1391 2082 est.
1453 2038 1552 2082 Item
1588 2039 1687 2081 alios

145 2108 334 2163 LXXss,
375 2124 398 2153 e
420 2110 559 2168 quibus
580 2109 661 2153 Vn
685 2111 739 2153 illi
770 2112 881 2153 fuere
908 2110 973 2167 qui
995 2112 1043 2152 ad
1067 2110 1271 2152 viduarum
1295 2109 1523 2165 obsequium
1547 2108 1685 2150 delecti

143 2186 262 2234 aunt,
294 2177 543 2237 Stephanus,
587 2177 811 2236 Philippus,
853 2177 1105 2231 l‘rochorus,
1149 2177 1351 2229 Nicanor,
1386 2177 1557 2229 Timon,
1589 2175 1686 2218 Par-

142 2261 305 2300 nenaa,
338 2254 379 2290 et
400 2246 618 2299 Nicolaus,
650 2254 690 2289 et
710 2254 867 2303 praeter
891 2248 961 2290 hos
983 2246 1197 2300 Matthias,
1244 2247 1307 2302 qui
1331 2247 1418 2288 loco
1444 2243 1561 2287 Iudae
1585 2245 1688 2286 inter

144 2316 345 2375 apostolos
369 2322 574 2372 cooptatus
598 2323 674 2357 est.
736 2315 1006 2358 Accesserant
1025 2316 1073 2358 ad
1097 2316 1186 2358 illos
1211 2314 1399 2367 Marcus,
1432 2313 1587 2365 Lucas,
1622 2311 1685 2355 lu-

145 2392 253 2438 ctus,
300 2382 529 2436 Barnabas,
578 2383 788 2440 Appelles,
834 2382 984 2435 Rufus,
1034 2383 1187 2440 Niger,
1235 2398 1280 2425 ac
1320 2383 1459 2438 reliqui
1501 2379 1683 2424 Lxxtt.

145 2451 388 2510 Quibuscum
422 2452 537 2495 etiam
571 2458 748 2494 sanetum
774 2450 935 2494 Paulum
959 2459 1097 2508 suapte
1124 2453 1171 2494 de
1194 2452 1306 2494 coelo
1328 2465 1426 2494 voce
1447 2451 1566 2493 missa
1594 2464 1687 2506 apo-

145 2522 287 2566 stolum
310 2521 484 2578 gentium
512 2536 558 2563 ac
584 2533 816 2577 praeconem
839 2527 878 2562 et
898 2521 1137 2577 apostolieae
1169 2521 1369 2563 doctrinae
1400 2527 1688 2562 consummato-

144 2603 229 2634 rem
252 2591 435 2634 instituit.
499 2588 577 2644 Qui
610 2588 763 2644 quidem
795 2595 971 2630 sanctum
1001 2587 1176 2641 Lucam,
1222 2597 1263 2631 ut
1285 2595 1527 2636 memorant,
1570 2601 1687 2629 unum

145 2671 173 2703 ο
192 2656 357 2702 LXXll
384 2658 605 2715 discipulis,
639 2657 701 2713 qui
728 2656 903 2713 dissipati
934 2658 1113 2708 fuerant,
1155 2656 1335 2708 reduxit,
1379 2670 1544 2712 eumque
1567 2656 1688 2697 comi·

146 2733 227 2770 ten
249 2734 291 2770 et
312 2727 528 2770 adiutorem
553 2724 749 2780 evangelii
770 2724 884 2766 simul
911 2731 949 2765 et
971 2725 1188 2781 apostolum
1213 2725 1402 2766 adhibuit.
1465 2723 1551 2766 Hoc
1573 2725 1687 2766 modo

147 2801 272 2838 totum
301 2795 496 2851 evangelii
527 2794 724 2850 negotium
756 2794 802 2836 ad
835 2793 870 2834 id
902 2806 1026 2848 usque
1056 2794 1243 2849 temporis
1273 2794 1492 2835 confectum
1523 2800 1599 2835 est.

263 2863 393 2921 Atque
418 2864 607 2906 hactenus
628 2863 675 2904 dc
699 2859 757 2904 Xl
783 2860 902 2904 sectis
918 2893 928 2913 ‚
973 2861 1097 2918 deque
1128 2875 1177 2903 eo
1201 2862 1303 2918 quod
1331 2862 1468 2903 ordine
1498 2875 1688 2905 consecu-

151 3000 225 3034 πω
260 3000 377 3033 Pauor.
411 3001 583 3034 Carnarius
615 3002 705 3033 verm
740 3004 828 3031 certa
863 2998 900 3030 fit
989 2996 1044 3032 96.
1070 2995 1180 3043 ἒαυτῷ
1203 2999 1293 3031 codd.
1316 3008 1390 3031 msa.
1413 3001 1442 3031 et
1463 2999 1536 3032 edit.
1556 3001 1655 3042 princ.

149 3043 367 3090 glorificatiot
400 3044 435 3079 in
465 3056 585 3078 nomen
612 3044 688 3084 filii,
725 3056 792 3078 uon
811 3043 897 3077 desi-
987 3043 1041 3079 97.
1066 3042 1148 3079 ὄδῦο
1170 3044 1260 3077 codd.
1287 3053 1360 3078 mu·
1382 3046 1518 3087 uterque.

152 3090 267 3124 cientis
291 3097 342 3124 eat
365 3091 614 3125 nomenclatura
636 3094 701 3125 cett.
