2020 3276
461 225 644 259 numu
666 225 750 258 mn.
772 224 830 257 nt.
854 225 964 259 τοΜ.
984 225 1009 258 1.
1033 225 1165 259 nana.
1183 226 1342 259 Lxxvt.
1592 215 1676 259 259

129 306 328 367 gunda.
388 304 455 348 Ex
477 319 554 361 quo
574 303 901 361 profundissimus
925 304 1002 346 iste
1029 319 1143 347 error
1164 306 1210 347 ad
1233 305 1431 362 ingentem
1452 304 1675 362 dogmatum

129 373 472 423 ausu-tinum
495 373 776 415 absurditatem
797 380 996 430 postremo
1019 373 1236 416 deducitur.
1297 372 1440 430 Neque
1459 373 1563 415 enim
1584 388 1679 416 con-

128 444 272 494 ffl'ere
293 442 446 486 animus
473 441 622 499 uspiam
652 442 812 498 poterit,
844 441 912 483 sed
937 440 1029 483 illud
1056 454 1077 482 e
1101 442 1307 497 scripturis
1329 441 1524 499 implebit:
1557 444 1757 483 Stultitoa.
1777 452 1821 487 ιο,
1843 451 1882 480 ιι

125 514 228 570 Μ
241 519 334 554 unt
351 513 418 552 deu·
431 514 547 559 servi,
579 518 617 550 et
630 511 764 563 liumus
783 513 904 550 omm's
925 511 1034 550 homo
1052 512 1223 550 redditus
1244 519 1301 550 est
1316 525 1341 551 α
1360 514 1532 552 scientia.
1594 509 1635 553 N
1639 524 1680 552 e-

130 594 207 640 que
241 580 344 622 enim
374 580 452 620 sibe·
486 581 564 632 ipsi
592 581 786 632 quisquam
823 581 938 627 vivit,
981 586 1049 618 aul
1079 581 1261 627 moritur,
1319 592 1445 634 neque
1486 579 1676 635 quicpiam
1703 594 1886 630 nonum.

130 648 335 706 eoguoseit
356 647 456 690 ullus
489 647 576 688 sine
607 661 680 703 ope
710 645 795 697 dei,
840 646 903 702 qui
937 660 1072 687 veram
1099 646 1212 687 nobis
1244 647 1354 688 fidem
1386 648 1591 703 patefecit,
1635 662 1681 690 ac

131 717 252 770 dixit,
284 719 358 758 Πίι·
376 717 557 769 eatfilius
578 730 681 756 meus
701 717 884 763 dilectus,
927 718 1046 768 ipsum
1067 718 1216 764 audias,
1260 730 1305 756 ac
1330 716 1415 757 sine
1439 716 1540 758 illius
1565 730 1678 772 quem
1721 731 1835 762 Manu.

130 785 267 844 genuit
288 784 462 835 anxilio,
504 783 568 838 qui
589 797 702 826 sunm
726 782 839 824 nobis
861 789 1010 839 patrem
1035 783 1251 825 declaravit
1272 783 1331 825 his
1349 783 1507 825 verbis:
1551 787 1637 838 Ego
1657 799 1681 824 a
1732 767 1837 830 ῗόιιιῖἦ,

126 862 241 910 μοι·
271 856 379 895 exivi
403 860 444 893 et
468 856 588 893 venae.
651 850 778 894 Porro
815 865 942 907 neque
975 865 1027 894 ex
1064 851 1260 894 homiuum
1297 853 1557 909 appellatione
1585 854 1681 894 deus
1738 835 1842 873 ¹⁸’¹⁸'

131 921 224 966 illud
245 920 548 978 incomparabile
573 921 735 962 sortitus
757 928 842 971 est,
875 933 1003 976 neque
1028 919 1078 961 ob
1105 920 1205 962 idem
1228 920 1551 976 incomparabile,
1600 922 1684 963 veri

134 985 182 1034 ἰο
201 989 456 1034 subsistentis
487 989 549 1030 dei
581 988 716 1040 verbi,
762 995 803 1030 et
823 1002 845 1030 a
871 995 981 1044 patre
1008 988 1095 1030 siue
1123 988 1202 1030 ullo
1225 988 1338 1038 initio
1365 989 1501 1031 eadem
1525 988 1564 1031 in
1594 989 1686 1030 sub-

134 1057 279 1103 stuti-
310 1058 434 1114 geniti
467 1057 638 1114 dignitas
671 1056 938 1112 abrogabitur.
999 1055 1195 1108 Neutrum
1228 1057 1332 1099 enim
1365 1057 1531 1099 istorum
1563 1057 1687 1099 nomi-

136 1141 230 1170 nu-
246 1125 418 1183 ingeniis
439 1125 655 1178 bominum,
687 1125 751 1167 vel
773 1125 945 1167 inventis
962 1132 1165 1182 acceptum
1187 1126 1388 1168 ferendum
1413 1133 1488 1168 est.
1532 1124 1687 1182 Quippe

136 1195 271 1239 divina
293 1201 433 1237 natura
464 1207 605 1236 novam
635 1193 779 1236 nullam
802 1193 1030 1250 dignitatem
1054 1188 1378 1236 accessionenive
1399 1201 1529 1250 potest
1549 1195 1688 1236 admit-

138 1270 251 1315 tere,
292 1264 384 1319 quin
412 1263 541 1319 potius
571 1276 626 1304 ex
657 1276 706 1304 eo
726 1262 827 1318 quod
851 1262 964 1319 plene
987 1261 1026 1303 in
1053 1276 1143 1304 sese
1169 1262 1488 1319 abundanterque
1513 1262 1690 1305 continet

138 1330 320 1374 mnibus
340 1331 583 1388 suppeditat,
626 1331 764 1372 eodem
789 1330 828 1372 in
859 1337 964 1372 statu
995 1344 1252 1387 permanens,
1296 1346 1370 1374 nec
1394 1332 1474 1374 ullo
1495 1332 1611 1374 modo
1633 1331 1690 1373 di-

138 1399 311 1451 minuta,
350 1413 398 1441 ac
417 1400 570 1441 demum
607 1399 776 1441 nominis
806 1398 910 1440 illius
931 1412 979 1442 ae
1002 1400 1208 1456 potestatis
1231 1407 1272 1442 et
1293 1400 1538 1443 substantiae
1565 1400 1692 1456 digni-

139 1472 260 1511 tatem
289 1467 330 1509 iu
360 1473 499 1509 natura
529 1481 598 1517 sua
632 1467 917 1524 complectitur.

251 1534 361 1578 Astii
382 1532 513 1591 Caput
537 1533 657 1577 ΧΙΙΙ.
719 1534 766 1578 si
788 1535 950 1591 ingeniti
973 1536 1146 1579 conditio
1169 1537 1244 1578 deo
1271 1537 1524 1579 extrinsecus
1543 1536 1693 1593 affingi·

140 1610 227 1656 tur,
269 1603 335 1660 qui
359 1616 447 1645 eam
470 1604 708 1645 affinxerunt
732 1604 768 1646 ei
792 1604 863 1659 ipsi
892 1605 954 1646 cui
982 1604 1178 1660 affingitur
1202 1611 1424 1661 praestant,
1467 1619 1554 1647 cum
1578 1618 1693 1661 prae-

141 1671 315 1716 stantius
342 1685 456 1728 quam
488 1678 627 1713 natura
658 1672 828 1728 patiatur
856 1672 893 1714 ei
925 1687 1067 1715 nomen
1097 1673 1327 1715 attribuant.

256 1737 420 1783 contat.
450 1738 570 1783 ΧΙΙΙ.
634 1738 721 1783 Deo
761 1741 900 1783 melior
939 1755 1028 1784 esse
1072 1755 1187 1783 nemo
1233 1748 1362 1798 potest
1403 1746 1465 1796 (ut
1502 1742 1694 1785 adversus

141 1807 303 1852 Aetium
331 1808 542 1851 commenti
570 1808 685 1851 buius
721 1816 921 1852 auctorem
955 1810 1192 1867 disputem),
1237 1824 1364 1866 neque
1402 1810 1608 1866 quicquam
1646 1824 1695 1853 eo

141 1877 218 1920 diei
244 1884 374 1934 potest
392 1877 542 1920 verius.
603 1876 707 1920 Nam
730 1879 925 1934 quomodo
945 1878 1149 1934 quisquam
1172 1880 1247 1920 deo
1273 1879 1412 1921 melior
1433 1893 1523 1922 esse
1547 1885 1692 1935 potest,

144 1959 233 1988 eum
255 1944 304 1988 ab
323 1958 374 1988 eo
390 1946 472 1987 sint
495 1946 625 1988 omnia
647 1947 862 2003 producta?
921 1944 1021 1990 Cum
1046 1946 1167 2003 igitur
1186 1947 1430 1989 conditarum
1451 1962 1475 1989 a
1496 1961 1540 1990 se
1563 1961 1695 1990 rerum

144 2013 318 2057 omnium
341 2021 479 2056 auctor
496 2014 548 2056 sit
565 2014 661 2056 deus
683 2029 729 2057 ac
753 2015 982 2072 principium
1001 2022 1079 2057 tam
1101 2030 1199 2071 quae
1221 2015 1374 2058 ratione
1391 2016 1590 2071 praeditae
1605 2022 1699 2058 suut

146 2095 261 2139 quam
283 2095 384 2138 quae
403 2082 557 2124 ratione
579 2090 736 2135 carent,
770 2089 847 2126 tam
872 2097 970 2139 quae
994 2084 1118 2125 videri
1139 2091 1304 2141 possunt
1324 2099 1439 2141 quam
1459 2098 1561 2141 quae
1583 2098 1697 2141 aspe-

147 2156 253 2193 etum
285 2149 466 2206 fugiunt,
509 2163 675 2194 necesse
697 2158 759 2193 est
794 2151 975 2193 omnibus
1005 2158 1046 2193 ut
1075 2152 1126 2194 sit
1149 2152 1216 2195 ille
1247 2153 1535 2210 praestantior,
1577 2166 1699 2208 quan·

147 2217 294 2263 tenvis
317 2231 372 2262 ex
407 2218 525 2261 rebus
549 2219 722 2270 creatis,
766 2233 864 2275 quae
897 2219 1050 2262 ratione
1081 2221 1280 2276 praeditae
1311 2227 1427 2274 sunt,
1469 2228 1618 2262 rectum
1650 2220 1699 2261 ad

150 2286 334 2344 pietatem
365 2287 536 2329 animum
570 2286 833 2338 obtinuerint,
877 2294 918 2329 ut
949 2301 1002 2329 ex
1025 2289 1153 2344 aliqua
1189 2297 1298 2345 parte
1325 2288 1586 2332 excellentius
1607 2287 1699 2329 illud

151 2355 284 2399 colere
310 2369 356 2398 ae
380 2355 607 2412 praedicare
633 2356 798 2412 possint.
862 2354 1017 2397 Etenim
1039 2357 1070 2398 si
1093 2357 1131 2399 in
1159 2372 1275 2399 unum
1296 2358 1422 2400 locum
1446 2357 1702 2398 conferantur

153 2437 317 2476 omnes,
359 2429 401 2467 et
421 2423 572 2465 infinito
596 2423 728 2479 plures
751 2423 1006 2475 adiiciantur,
1052 2432 1169 2481 atque
1194 2426 1242 2467 ad
1267 2425 1564 2468 collaudandum
1587 2424 1700 2465 deum

153 2493 383 2536 virens-uu
416 2505 554 2534 omnes
584 2491 808 2543 intendant,
854 2506 1049 2548 nunquam
1075 2495 1287 2548 perlectum
1321 2494 1423 2536 illius
1453 2491 1702 2549 splendorem

154 2574 202 2604 ae
221 2560 385 2617 gloriam
422 2560 461 2602 in
491 2560 634 2616 seipsis
669 2560 877 2617 concipere
902 2567 1108 2616 poterunt,
1152 2575 1200 2603 eo
1225 2562 1327 2617 quod
1359 2558 1621 2616 praestantior
1638 2558 1704 2600 illa

156 2635 296 2673 natura
323 2628 552 2671 inferiorum
575 2642 622 2671 ae
647 2628 720 2670 sibi
744 2627 1008 2671 subiectarum
1031 2629 1307 2685 cogitationem
1339 2643 1493 2671 omnem
1526 2635 1702 2686 superat,

156 2696 250 2741 lieet.
270 2710 343 2754 pro
361 2696 538 2748 viribus,
571 2697 648 2739 imo
673 2710 791 2753 snpra
816 2696 946 2746 vires,
991 2696 1167 2739 laudibus
1193 2696 1491 2753 praeconiisque
1512 2696 1596 2739 suis
1618 2711 1704 2739 eum

159 2765 448 2823 praestantiore
470 2765 691 2821 adaequare
713 2779 756 2808 sc
782 2771 990 2807 conentur.
1052 2762 1127 2806 Est
1150 2765 1254 2806 enim
1285 2779 1362 2806 nou
1393 2764 1480 2807 solo
1504 2778 1705 2817 sermone,

161 2834 232 2879 aed
263 2840 478 2891 potestate,
523 2847 621 2876 voce
653 2847 700 2876 ae
721 2834 874 2875 ratione
905 2832 1181 2888 praestantior.
1243 2830 1370 2874 Porro
1402 2832 1708 2890 incomparabile

162 2915 280 2944 unum
301 2901 350 2943 ab
371 2901 496 2944 altero
518 2915 713 2958 nunquam
738 2899 1033 2944 excellentioris
1053 2899 1101 2941 ab
1120 2899 1372 2943 inferioribus
1391 2908 1574 2959 suscepta
1598 2914 1709 2958 prae·

164 2968 308 3013 dicatio
329 2968 543 3025 separabit.
603 2967 731 3012 Novit
753 2969 856 3012 euim
882 2969 919 3011 in
942 2975 1051 3025 patre
1074 2967 1336 3023 praestantius
1358 2969 1489 3012 inesse
1509 2969 1706 3026 quiddam,

165 3044 357 3093 quatenus
381 3042 442 3080 est
466 3036 689 3094 ingenitus,
734 3051 779 3080 ae
802 3035 1064 3094 praestantius
1095 3034 1227 3079 itidem
1258 3049 1348 3081 esse
1370 3037 1444 3080 boe
1465 3038 1566 3095 quod
1587 3038 1636 3082 ab
1661 3052 1709 3080 eo

1351 3116 1439 3162 17·
