2020 3276
336 222 342 225 *
353 213 434 255 752

952 219 1097 254 mmzx
1122 219 1292 255 RERUM.

396 300 588 346 opinionem
617 298 707 332 Petri
741 297 980 344 archiepiscopi
1018 299 1100 334 Ale-
1148 298 1395 344 Cogit-tionum
1418 310 1524 344 genus
1551 298 1697 345 duplex,
1711 308 1898 346 eamque

396 356 547 391 xandrini
570 359 646 390 718.

354 413 582 447 Chiliastarum
609 423 704 447 error
733 412 889 447 tribuitur
917 413 1100 458 Apollinari

397 473 497 503 10³1.
521 489 566 497 —
611 476 646 504 et
670 468 776 515 qualis
806 469 864 503 illa
900 469 1001 504 fuerit
1020 470 1096 505 hae-

395 527 477 560 resis
510 526 591 561 ibid.
627 533 663 560 ct
695 529 792 560 1032.
819 545 864 553 —
917 526 960 560 de
993 527 1099 561 sancti

396 583 528 617 Ioannis
553 583 755 629 Apocalypsi
789 583 869 629 quid
891 583 1100 617 sentiendum

396 643 496 675 1081.

353 697 474 731 Christi
503 697 638 742 propria
665 696 844 742 adiuncta,
875 697 1020 742 veritas,
1042 697 1094 730 lu-

395 766 490 795 men,
515 754 605 795 vita,
639 761 675 787 et
705 754 825 788 horum
850 753 951 788 etiam
980 765 1100 799 parens

395 824 436 846 ac
457 812 590 857 genitor
613 814 691 845 377.

354 868 503 903 Christus
533 868 568 902 in
600 868 768 913 Golgatha
799 867 970 902 crucifixus
1001 879 1100 912 supra

396 925 606 971 sepulchrum
629 925 748 959 Adami
773 926 851 958 894.
898 939 901 943 ·

353 983 500 1017 Christus
526 995 584 1017 cur
604 981 754 1027 corporis
776 981 974 1016 affectiones
995 993 1101 1027 expe·-

397 1039 455 1074 riri
479 1040 625 1074 voluerit
647 1042 722 1073 770.

353 1097 426 1131 Cibi
455 1097 616 1131 immundi
646 1096 729 1130 nulli
748 1102 826 1130 sunt
852 1108 872 1130 a
891 1095 958 1129 deo
988 1094 1100 1135 creati,

396 1154 457 1188 sed
488 1154 599 1188 omnia
620 1161 698 1188 sunt
720 1165 804 1199 pura
827 1164 901 1187 cum
923 1152 1101 1197 gratiarum

396 1211 529 1246 actione
555 1214 632 1245 147.

353 1269 511 1310 Cicessia,
550 1267 848 1303 Alexandrinorum
881 1267 1005 1300 festum
1025 1268 1103 1300 444.

398 1325 589 1371 (Addend.)

355 1383 568 1417 Circumcisio
606 1382 691 1416 nihil
732 1374 866 1415 confert
905 1380 950 1414 ad
984 1378 1106 1414 Christi

396 1441 641 1482 imitationem,
664 1438 725 1473 sed
742 1445 873 1473 tantum
892 1437 981 1472 bona
1003 1448 1106 1482 opera

401 1502 476 1532 162.

355 1555 546 1590 Circumcisi
578 1565 677 1588 verae
703 1553 875 1598 religionis
895 1561 1106 1586 successores

400 1615 453 1647 17.

355 1668 568 1704 Circumcisio
593 1681 660 1703 non
684 1675 738 1702 est
757 1667 800 1701 ad
825 1667 966 1701 salutem
983 1678 1102 1700 neces·

399 1727 484 1760 saria
510 1728 587 1760 160.
611 1745 658 1752 -
701 1724 900 1758 idololatrae
925 1730 961 1757 et
990 1735 1104 1757 sacer-

399 1783 498 1818 dotes
518 1782 673 1828 Aegyptii
695 1772 833 1815 utuntur
854 1780 1105 1815 circumcisione

398 1841 480 1875 ibid.
497 1860 541 1867 —
563 1840 645 1873 item
663 1846 698 1873 et
717 1839 774 1873 alii
793 1837 950 1884 permulti
966 1836 1100 1871 ibid.—

400 1897 522 1931 Christi
545 1896 770 1941 circumcisio,
803 1907 871 1929 non
893 1901 1023 1940 partem
1043 1893 1104 1927 sed

397 1961 508 1989 totum
530 1954 699 1987 hominem
728 1952 935 1986 circumcidit
958 1955 1034 1985 161.
1060 1969 1102 1978 --

399 2022 438 2044 ea
460 2010 538 2044 viris
558 2017 594 2044 et
612 2009 801 2043 mulieribus
821 2009 918 2043 simul
942 2008 1103 2043 concedi-

397 2075 454 2101 tur
469 2059 549 2101 ibid.
574 2085 619 2093 —-
663 2066 724 2100 sed
745 2065 984 2100 circumcisioni
1002 2077 1103 2111 prae—

398 2131 468 2158 stat
490 2124 674 2169 baptismus
695 2122 776 2157 ibid.

356 2180 622 2215 Circumcisionis
645 2191 730 2225 quae
749 2191 883 2214 caussae
906 2179 1030 2213 suerint
1049 2182 1102 2212 17.

355 2237 620 2272 circumcisionis
653 2249 752 2272 cruor
781 2237 878 2271 stetit
914 2237 947 2270 in
981 2237 1105 2271 Christi

400 2295 649 2330 circumcisione
674 2297 751 2328 153.

357 2352 612 2386 circumcisione
630 2351 759 2385 sublata
779 2350 940 2384 successit
961 2362 1105 2395 regene-

400 2409 487 2442 ratio
510 2420 572 2453 per
595 2408 759 2442 lotionem
780 2407 937 2452 baptismi
961 2410 1039 2442 113.

358 2465 624 2499 circumcisionis
646 2464 871 2498 instituendae
893 2465 980 2499 ratio
1004 2467 1082 2498 163.

1192 356 1313 390 effecta
1336 358 1412 390 688.

1148 412 1376 457 Cogitationes
1409 423 1516 447 vanae
1536 412 1667 447 muscis·
1681 412 1726 448 ὠ
1747 412 1898 447 Homero

1193 477 1405 514 comparatae
1427 471 1524 525 688π

1149 526 1375 571 Cogitationes
1406 526 1509 560 malas
1530 526 1658 560 evitare
1685 537 1754 562 non
1774 536 1897 572 possu-

1193 595 1284 623 mus,
1309 582 1370 616 sed
1392 594 1566 628 possumus
1589 581 1752 628 repellere
1774 584 1853 618 686.

1149 640 1322 674 Colluthus
1341 639 1572 674 haeresiarcha
1589 646 1744 685 temporo
1765 639 1854 682 Arii,
1877 651 1898 673 a

1192 708 1258 741 quo
1290 696 1373 730 dicti
1409 696 1634 739 Colluthiani,
1682 702 1721 730 ut
1752 695 1798 731 ob
1830 694 1898 731 isto

1193 753 1306 787 Ariani
1331 756 1406 787 728.
1771 755 1773 757 ’
1838 778 1840 780 ,

1149 810 1416 844 Color-basiorum
1439 809 1605 851 haeresis,
1637 821 1723 856 quae
1751 817 1806 844 ost
1833 809 1899 844 do-

1192 867 1275 901 cima
1297 867 1411 913 quinta
1430 874 1508 912 post
1528 874 1638 901 ortum
1657 865 1899 902 chri-tissimi

1193 927 1270 959 258.

1151 981 1348 1015 Colorbasus
1371 981 1441 1014 eius
1470 989 1590 1015 auctor
1616 981 1689 1026 quis
1708 980 1811 1015 faerit
1829 979 1896 1014 ibi-

1194 1037 1283 1072 dem.
1306 1056 1350 1066 -
1397 1039 1468 1072 eius
1489 1038 1648 1082 dogmata
1669 1037 1750 1071 ibid.

1150 1095 1323 1129 Colorbasi
1354 1096 1481 1130 rerutio
1513 1098 1590 1130 269.
1615 1113 1661 1122 —
1714 1094 1828 1140 inepte
1859 1105 1901 1128 ec

1193 1151 1296 1197 impie
1327 1152 1426 1187 deum
1468 1151 1612 1187 hominis
1645 1150 1750 1186 filium
1783 1150 1901 1185 dieunt·

1195 1211 1272 1243 260.

1152 1265 1336 1300 colorbasii
1366 1266 1447 1313 quid
1474 1265 1663 1311 intelligant
1693 1276 1756 1312 per
1780 1275 1899 1311 quan

1196 1322 1287 1356 Siloe
1310 1325 1389 1357 261.
1415 1341 1458 1349 —-
1505 1329 1541 1356 et
1561 1332 1647 1368 quae
1668 1333 1748 1356 vera
1764 1321 1810 1356 sit
1829 1321 1900 1355 eius

1196 1379 1376 1414 secundum
1393 1379 1576 1414 catholicos
1589 1378 1824 1424 interpretatio
1837 1377 1900 1412 ibi-

1196 1437 1285 1471 dem.

1153 1493 1453 1540 Collyridianorum
1468 1493 1609 1528 historia
1625 1495 1724 1527 1068.
1742 1512 1782 1520 -—
1806 1491 1901 1526 istius

1196 1551 1341 1586 haeresis
1363 1551 1524 1584 refutatio
1554 1549 1638 1585 ibid.
1671 1569 1719 1576 —
1774 1549 1902 1584 Mart-s

1195 1608 1392 1643 sacrificium
1414 1607 1584 1649 offerunt,
1615 1618 1701 1653 quae
1727 1613 1780 1641 est
1798 1606 1901 1653 quin-

1196 1666 1385 1711 quagesima
1420 1663 1586 1705 haeresis,
1619 1664 1690 1699 sive
1719 1670 1896 1710 septuage-

1195 1723 1277 1757 sima
1310 1734 1399 1756 none
1428 1724 1528 1756 1067.
1563 1740 1609 1749 -
1653 1719 1744 1755 uude
1774 1719 1901 1767 puniit

1195 1780 1279 1814 haec
1302 1779 1447 1814 haeresis
1468 1778 1548 1813 ibid.

1152 1837 1335 1871 Columbae
1358 1843 1494 1878 natura,
1531 1842 1566 1870 et
1588 1835 1669 1882 quid
1689 1835 1749 1869 illa
1770 1833 1901 1880 sipili-

1195 1900 1250 1928 cet
1277 1896 1356 1927 2⁷⁶.
1860 1890 1863 1894 ⁴

1152 1950 1377 1986 Consobrinae
1398 1961 1518 1984 uxores
1539 1949 1757 1994 ducebantur,
1777 1954 1814 1982 et
1832 1957 1901 1982 no·

1194 2007 1335 2053 amplius
1369 2019 1501 2041 sorores
1534 2013 1614 2053 post
1646 2005 1900 2051 multiplic-tio·

1195 2076 1272 2099 nem
1295 2065 1466 2098 hominum
1490 2067 1567 2098 988.

1152 2121 1362 2157 Constantini
1394 2120 1605 2166 imperatoris
1632 2120 1702 2155 duo
1731 2119 1902 2166 praeclaro

1194 2185 1320 2213 statuta
1348 2181 1425 2212 821.

1151 2236 1378 2277 Constantius,
1406 2234 1616 2270 Constantini
1630 2234 1728 2275 filius,
1746 2233 1821 2280 pius
1834 2233 1902 2268 inn-

1197 2299 1354 2338 perator,
1378 2293 1457 2326 licet
1482 2292 1595 2326 fautor
1618 2291 1687 2326 Arii
1711 2294 1787 2326 787.

1151 2350 1414 2384 Constitutiones
1437 2349 1641 2395 apostolicae
1663 2360 1731 2383 non
1753 2347 1902 2383 reiicion—

1197 2407 1260 2440 dae
1280 2410 1359 2441 822.

1154 2464 1357 2499 Constitutio
1373 2464 1559 2510 apostolica
1578 2463 1622 2497 de
1642 2463 1805 2498 Puchsts
1820 2460 1900 2496 ibid·

359 2521 573 2556 Circumcisio
588 2522 719 2566 signum
737 2522 898 2555 iustorum
914 2521 997 2567 legis
1015 2529 1104 2557 tem-
1155 2521 1485 2556 Consubstantialitas
1509 2521 1542 2554 in
1566 2520 1718 2554 trinitate
1749 2525 1803 2554 est
1822 2517 1902 2554 fidei

400 2590 483 2624 pore
507 2581 584 2613 160,

357 2636 509 2670 Clemens
538 2643 647 2670 utrum
679 2646 851 2670 successor
883 2636 974 2670 Petri
1007 2636 1109 2670 ruerit

402 2696 478 2727 107.

358 2749 513 2784 Clemens
562 2750 802 2784 Alexandrinus
846 2762 865 2783 a
914 2750 1109 2795 quibusdam

402 2807 613 2840 Atheniensis
636 2807 779 2841 habetur
801 2809 879 2840 213.

360 2862 550 2897 Coelibatus
569 2864 764 2898 clericorum
780 2863 993 2898 confirmatur
1010 2866 1109 2898 1104.

361 2974 499 3007 Coelum
523 2982 557 3008 et
579 2983 668 3010 terra
701 2989 760 3011 cur
791 2978 932 3011 transire
957 2977 1111 3011 dicautur

405 3032 479 3063 56⁶.

1199 2578 1442 2612 firmamentum
1462 2580 1538 2611 966.

1155 2635 1445 2669 consubstantiale
1483 2634 1621 2668 verbum
1653 2635 1731 2668 798.
1763 2649 1808 2659 --
1864 2637 1902 2665 et

1200 2692 1291 2738 quod
1314 2692 1612 2726 Consubstantialis
1641 2688 1836 2724 vos-bulum
1858 2688 1902 2722 sit

1199 2749 1420 2783 necessarium
1453 2751 1530 2782 797.
1565 2767 1607 2774 -
1669 2744 1761 2792 quod
1789 2753 1903 2780 tamen

1202 2805 1297 2840 Arius
1323 2812 1357 2839 et
1374 2806 1524 2840 Sabellus
1554 2804 1684 2850 fugiunt
1705 2814 1787 2836 cane
1809 2802 1902 2848 peius

1200 2869 1235 2896 et
1256 2874 1363 2908 angue
1382 2862 1464 2896 ibid.
1486 2881 1531 2888 —
1575 2867 1686 2894 utram
1702 2859 1737 2893 in
1756 2859 1902 2906 *scriptu-

1199 2919 1245 2954 ris
1273 2920 1458 2964 reperiatur
1478 2917 1559 2952 ibid.
1581 2935 1628 2943 —
1671 2923 1707 2950 et
1725 2916 1826 2950 licere
1853 2915 1903 2950 uti

1201 2976 1336 3009 vocibus
1370 2987 1454 3022 quae
1483 2975 1518 3008 in
1549 2973 1712 3018 scriptura
1734 2985 1803 3007 non
1824 2976 1903 3006 sunt

1201 3032 1281 3066 ibid.
1295 3052 1337 3059 -—
1362 3032 1499 3067 verbum
1512 3030 1820 3075 consubstantialis,
1838 3028 1903 3063 etsi
