2020 3276
481 191 665 227 urrann
688 192 775 227 ms.
793 192 853 226 111.
871 192 984 227 Tou.
1001 193 1027 226 t.
1051 192 1184 227 naun.
1202 192 1365 227 Lxxnt.
1617 182 1696 226 139

149 272 343 320 &aaa
363 271 505 324 nobis,
547 272 616 314 sed
640 285 852 328 germanos
882 285 971 314 esse
994 286 1297 327 cognoscamus.
1355 269 1497 314 Potest
1523 270 1626 314 enim
1659 277 1699 313 et

148 353 361 394 meum,
399 347 442 384 et
462 347 628 396 argento
650 348 858 391 stannum,
902 347 943 381 et
965 341 1072 382 ferro
1096 341 1290 397 plumbum
1323 340 1463 383 similis
1491 353 1581 382 esse
1604 339 1697 382 sub-

147 408 333 455 miae.
394 406 477 452 Sed
506 423 579 451 nos
602 416 736 451 vestra
766 408 833 451 illa
866 421 1070 465 perperam
1099 408 1325 464 excogitata
1363 423 1408 450 ac
1431 407 1699 450 fraudulenter

150 476 322 521 conficta
358 473 580 520 cotnmenta
614 491 693 519 non
731 477 881 519 fallent.
951 474 1057 518 Nam
1094 477 1155 528 si,
1199 484 1242 518 ut
1271 477 1309 518 in
1339 491 1516 519 errorem
1546 477 1698 533 aliquos

146 545 381 603 impellatis,
412 546 552 587 inanes
573 545 727 602 species
750 544 1116 602 commentitiasquc
1137 544 1348 600 quaeritis,
1381 552 1422 587 et
1441 545 1699 588 consubstan-

131 613 280 669 ‚ti-ten
311 620 519 671 propterea
543 613 679 656 vocari
710 628 788 657 non
811 620 996 670 oportere
1019 612 1251 664 defenditis,
1294 627 1343 655 ne
1374 614 1494 655 silium
1521 629 1607 656 cum
1631 628 1699 671 pa-

147 688 236 734 tre,
265 688 309 725 et
325 682 503 739 spiritum
525 689 702 725 sanctum
725 696 811 724 cum
838 690 1002 738 utroque
1025 682 1308 724 confundamus
1323 714 1335 734 ,
1378 696 1427 724 ne
1450 683 1522 724 bac
1545 682 1699 738 quidem

147 750 189 794 ἰι
217 757 329 807 perte
357 757 521 806 possunt
543 750 741 792 mendacia
764 757 899 792 vestra
929 751 1165 792 consistere.
1224 749 1320 793 Nou
1345 750 1446 792 enim
1468 754 1585 792 simul
1610 753 1700 792 sub-

146 821 377 868 moilen,
410 819 480 861 sed
501 820 855 860 consubstantialem
877 818 1057 872 dicimus,
1091 833 1139 861 ne
1161 819 1304 875 aliquid
1328 819 1526 861 diversum
1549 834 1572 861 a
1591 827 1700 876 patre

147 887 427 945 profiteamur,
473 887 543 929 sed
577 887 691 929 deum
713 901 767 930 ex
789 888 863 930 deo
887 901 982 930 vere
1005 888 1203 944 genitum,
1234 902 1312 930 non
1337 888 1519 940 aliunde,
1553 902 1626 929 nec
1648 902 1701 930 ex

148 955 295 1007 nihilo,
334 956 405 998 sed
433 969 456 997 a
482 963 592 1012 patre
627 956 715 998 sine
750 963 927 1013 tempore
957 964 999 998 et
1028 956 1140 998 initio
1170 963 1210 998 et
1236 956 1502 1013 inexplicabili
1534 957 1699 1012 quadam

148 1024 305 1068 ratione
337 1024 566 1080 productum
598 1037 645 1066 ac
676 1024 877 1080 genitum3
919 1026 984 1081 qui
1017 1038 1174 1082 semper
1196 1039 1283 1067 cum
1306 1032 1417 1082 patre
1442 1025 1586 1076 fuerit,
1629 1038 1701 1067 nec

149 1104 241 1135 esee
272 1093 506 1149 quandoque
537 1092 705 1135 desinet.
767 1091 953 1136 Genitum
979 1108 1120 1150 porro,
1163 1108 1240 1136 non
1264 1107 1493 1149 germanum
1521 1094 1699 1146 fratrem,

150 1173 231 1203 non
257 1174 392 1203 avum.
452 1159 555 1203 Nam
587 1161 684 1203 baec
714 1161 927 1218 particula,
961 1165 1060 1212 Con,
1095 1162 1328 1220 hypostases
1354 1163 1476 1215 duas,
1508 1176 1583 1204 nec
1605 1162 1701 1204 alie·

150 1241 223 1272 m
253 1236 394 1272 natura
422 1229 637 1284 significat.
699 1227 812 1272 Unde
843 1237 884 1272 et
906 1230 1086 1273 veritatis
1115 1231 1223 1273 velut
1252 1244 1382 1274 nexus
1413 1245 1459 1272 ac
1482 1230 1698 1283 vinculum,

150 1309 230 1340 non
249 1297 338 1340 eine
359 1297 486 1340 sancti
514 1298 676 1354 spiritus
695 1298 847 1350 affiatu,
891 1312 961 1355 per
990 1299 1142 1341 illorum
1174 1313 1244 1341 ora
1281 1300 1346 1356 qui
1371 1300 1484 1357 primi
1515 1307 1700 1342 auctores

150 1365 389 1416 factumest
409 1365 448 1407 in
470 1379 517 1408 ea
538 1380 635 1408 voce
657 1367 928 1408 coustitutum.
989 1366 1114 1410 Vides
1136 1368 1255 1423 igitur
1276 1369 1421 1410 nullum
1444 1369 1519 1410 iam
1543 1367 1611 1410 tibi
1633 1382 1701 1410 co-

150 1433 275 1477 lorem
293 1440 362 1482 eut
380 1434 553 1490 speciem
577 1448 666 1476 esse
687 1435 899 1490 reliquam,
934 1449 1061 1492 neque
1085 1437 1278 1479 adversus
1299 1437 1560 1479 orthodoxam
1584 1437 1701 1480 fidem

149 1501 291 1546 metito
323 1515 439 1559 posse
461 1504 724 1554 contendere,
768 1504 832 1545 vel
866 1518 936 1546 eos
958 1504 1189 1560 perturbare
1224 1504 1289 1560 qui
1312 1505 1452 1547 falsum
1476 1505 1568 1547 illud
1592 1513 1700 1548 tuum

150 1583 176 1613 a
209 1575 248 1612 te
287 1570 489 1613 decretum
519 1585 566 1613 ac
604 1585 828 1613 sermonem
869 1574 1117 1629 acceperint,
1163 1573 1196 1615 si
1237 1574 1325 1629 quis
1364 1574 1701 1616 consubstantiale

149 1651 340 1695 usurpare
362 1639 471 1691 velit,
504 1640 776 1682 confusionem
797 1642 988 1696 quandam
1012 1642 1051 1683 iu
1078 1641 1281 1683 divinitate
1308 1642 1507 1684 confiteri.
1557 1641 1700 1699 Neque

149 1705 253 1750 enim
274 1706 442 1764 amplius
465 1707 565 1750 istud
593 1707 766 1750 obiicere
792 1715 919 1765 potes.
982 1708 1136 1767 Quippe
1163 1712 1503 1752 Consubstanehlts
1532 1711 1596 1753 illa
1620 1725 1702 1754 vox

148 1775 248 1819 duo·
278 1776 466 1832 quosdam
500 1777 724 1832 significat,
766 1778 981 1834 eademque
1016 1779 1117 1821 baud
1148 1778 1315 1821 alienam
1341 1794 1362 1820 a
1388 1787 1495 1836 patre
1524 1779 1700 1821 sobolem

149 1857 241 1887 este
262 1845 522 1888 demonstr-t.
581 1843 646 1887 Tu
674 1859 769 1887 vero
800 1848 1087 1897 homoeounbn,
1132 1847 1206 1890 boc
1235 1855 1297 1889 est
1325 1850 1537 1890 substantia
1562 1851 1698 1898 sitm‘le,

148 1920 420 1966 con-entus,
461 1914 626 1970 primum
649 1914 733 1971 ipso
762 1917 892 1964 Usiaeoe,
937 1915 1010 1958 boc
1035 1922 1095 1958 est
1115 1917 1373 1966 substantiae,
1417 1917 1608 1959 vocabulo
1639 1931 1702 1960 re-

149 1981 322 2035 felleris,
362 1981 503 2024 deiude
537 1989 601 2024 tua
626 1989 664 2024 te
685 1982 750 2025 illa
772 1984 1024 2040 discrepans,
1069 1998 1142 2026 nee
1172 1992 1464 2038 consentanea,
1508 1987 1702 2043 professio

149 2050 408 2102 conde-nat,
451 2064 540 2092 cum
563 2064 642 2092 non
675 2065 723 2094 ea
748 2051 856 2094 dicas
879 2066 978 2108 quae
1000 2053 1174 2105 sentias,
1219 2055 1289 2097 sed
1312 2068 1413 2111 quae
1437 2055 1562 2098 sentis
1585 2056 1700 2108 falso,

149 2132 196 2162 ee
216 2118 460 2162 mendaciter
482 2118 642 2161 doceas.
703 2118 861 2162 Etenim
893 2120 928 2163 si
961 2120 1008 2162 ab
1038 2122 1124 2179 ipso
1146 2129 1257 2179 patre
1282 2137 1359 2165 uon
1387 2130 1450 2166 est
1474 2124 1633 2166 omnino
1655 2124 1701 2166 li-

148 2186 247 2239 lius,
292 2187 364 2229 sed
402 2186 655 2230 nibilominus
693 2187 833 2230 similis
875 2195 962 2241 est,
1010 2204 1033 2232 a
1065 2192 1232 2233 veritate
1274 2192 1479 2248 plurimum
1518 2193 1698 2235 aberras.

148 2252 255 2299 Neu
287 2268 531 2312 quecumque
555 2256 707 2298 demum
728 2269 782 2298 ex
810 2257 971 2300 materia
997 2258 1159 2314 quilibet
1190 2273 1423 2317 expressum
1455 2261 1621 2304 alicuius
1646 2262 1700 2303 si·

148 2324 365 2367 mulacrum
394 2337 539 2366 ornare
559 2324 754 2377 voluerit,
795 2339 991 2381 nunquam
1015 2327 1108 2369 illud
1127 2342 1214 2370 cum
1237 2330 1454 2386 exemplari
1480 2330 1565 2387 ipso
1586 2331 1701 2371 adae-

149 2405 270 2448 quare
313 2393 472 2448 poterit.
543 2390 619 2434 Est
646 2392 750 2434 euim
788 2400 1010 2437 structurae
1043 2403 1159 2452 atque
1197 2397 1419 2440 effectionis
1450 2412 1547 2454 opus
1590 2398 1699 2440 illud.

150 2458 266 2516 Quod
296 2467 426 2503 eutem
461 2460 509 2502 ab
535 2460 664 2516 aliquo
693 2460 893 2517 gignitur,
932 2462 1097 2520 idipsum
1129 2465 1177 2506 ad
1214 2465 1251 2506 id
1292 2466 1393 2508 unde
1414 2467 1587 2523 gignitur
1609 2481 1700 2523 ger-

150 2528 348 2571 manitatis
381 2543 477 2572 suae
508 2529 674 2571 similem
699 2537 739 2570 et
769 2530 971 2585 aequalem
1009 2534 1170 2574 formam
1202 2534 1361 2576 retinet.
1435 2533 1699 2589 Quamobrem

72 2602 79 2610 '
149 2597 182 2640 si
212 2597 260 2639 ab
282 2597 368 2654 ipso
405 2605 516 2654 patre
539 2612 617 2639 nou
641 2605 702 2640 est
722 2599 904 2653 genitus,
948 2606 989 2641 et
1008 2608 1122 2643 extra
1146 2602 1269 2658 ipsum
1294 2610 1376 2654 est,
1410 2602 1500 2643 licet
1522 2602 1701 2646 similitu·

150 2666 279 2709 dinem
310 2666 502 2723 quandam
531 2666 800 2717 substantiae,
844 2666 951 2709 velut
975 2669 1256 2724 gratificando,
1305 2670 1476 2721 tribuas,
1510 2670 1603 2713 nibil
1628 2672 1700 2729 ipsi

149 2733 320 2791 largiris,
359 2736 429 2777 sed
453 2734 501 2778 ab
530 2736 616 2778 eius
648 2735 830 2777 excidisti
865 2737 1007 2790 gratia.
1071 2740 1148 2790 Qui
1169 2742 1265 2779 em'm
1295 2754 1368 2780 non
1395 2741 1700 2795 honoratfitium
1719 2749 1906 2787 toan-,mn

147 2804 250 2844 saeue
267 2804 433 2845 honorat
448 2812 617 2857 pov-em,
660 2808 720 2845 ira
741 2807 806 2845 dei
823 2811 947 2845 manet
965 2807 1004 2845 in
1026 2808 1167 2859 ipsum,
1211 2806 1264 2848 ait
1287 2813 1447 2849 sauctus
1472 2810 1699 2865 apostolusz

149 2868 266 2923 item,
297 2874 419 2912 Exivi
441 2880 613 2926 epatre,
645 2881 683 2913 et
703 2875 820 2921 vado,
863 2872 926 2914 ille
958 2873 1041 2927 ipse
1070 2874 1250 2916 nimirum
1284 2874 1348 2930 qui
1380 2875 1505 2928 dixit,
1545 2881 1632 2931 Ego
1660 2882 1700 2920 in
1753 2871 1857 2933 ¹5⁸3·

144 2946 256 2991 patre
282 2947 322 2980 et
342 2948 456 2994 pater
492 2944 530 2981 in
560 2956 638 2989 me,·
684 2948 763 2983 tum
797 2941 911 2984 illud:
953 2943 1142 2996 Phe‘leppe,
1186 2947 1257 2997 que·
1281 2946 1379 2985 videt
1407 2959 1484 2996 me,
1530 2949 1628 2989 videt
1655 2955 1694 2989 et
1748 2927 1854 3007 ,¹3:⁸32

144 3013 305 3060 nm·
1745 3007 1852 3077 ξεῖ-,ει
