2020 3276
682 240 1117 278 Amcssrfflmeosis,
1587 226 1669 268 575

116 323 464 383 „boun-eodem
486 337 564 380 quo
589 321 719 365 ludaei
748 328 925 376 tempore
955 319 1172 362 celebrant.
1236 316 1310 359 Est
1331 324 1371 359 et
1396 316 1576 372 quiddam
1604 329 1670 372 pe-

121 392 271 436 culiare
295 393 416 450 ipsis,
450 392 550 448 quod
571 390 785 433 defendunt
806 403 956 430 summa
983 387 1251 430 contentione.
1315 384 1469 442 Quippe
1492 385 1594 441 quod
1619 384 1668 426 ad

115 461 331 519 imaginem
361 460 548 517 scriptum
579 467 640 503 est
670 458 807 500 durius
835 458 1162 512 interpretantur.

120 571 122 573 ,
166 562 170 566 ·
209 555 214 564 =
234 525 478 577 photiniani.
537 526 729 572 Photinus
751 526 826 568 iste
849 524 996 567 Sirmio
1017 525 1205 566 oriundus
1228 524 1274 565 ad
1296 523 1525 564 hodiernum
1549 535 1670 576 usque

121 605 276 656 tempu
307 604 530 654 supererat.
591 595 670 652 Qui
696 595 850 651 quidem
873 595 1010 636 eadem
1035 607 1121 634 cum
1149 591 1270 634 Paulo
1293 591 1556 634 Samosateno
1581 603 1672 631 sen-

116 665 185 714 fit.
242 664 447 710 Nonnulla
467 672 561 709 sunt
584 671 712 707 tamen
734 663 774 705 in
795 663 936 719 quibus
955 662 1003 703 ab
1026 663 1163 704 eodem
1185 661 1363 702 dissidet.
1426 659 1522 703 ltem
1543 673 1564 700 e
1584 656 1673 700 Ma-

121 734 183 782 n‘·
203 731 413 778 rsstiristum
444 733 596 776 initium
628 732 782 789 penitus
812 731 1015 788 accepisse
1047 737 1169 786 putat.

232 801 500 848 Marcelliani.
562 801 714 845 uorum
733 799 950 846 Marcellus
972 806 1110 840 auctor
1129 798 1285 849 extitit,
1318 797 1506 854 Ancyrae
1527 796 1567 838 in
1589 794 1670 838 Ga-

116 871 463 929 lati-epiecopus.
526 868 605 926 Qui
638 884 724 912 cum
753 868 864 910 initio
895 882 966 923 pro
988 866 1217 910 Sabelliano
1249 866 1444 908 communi
1468 867 1568 908 fama
1595 872 1673 907 tra·

112 939 263 986 dutus
285 947 418 991 emt,
451 939 622 996 seipsum
645 939 761 980 etiam
783 937 930 993 scripto
955 948 1241 992 saepenumero
1268 942 1498 991 purgasset,
1540 950 1562 975 a
1590 935 1668 991 ple-

121 1009 256 1066 risque
274 1015 409 1053 temen
435 1008 625 1051 creditum
647 1014 708 1049 est
733 1006 780 1048 ad
803 1006 961 1048 easdem
986 1004 1110 1060 ipsum
1135 1004 1341 1060 opiniones
1365 1003 1666 1046 adhaerescere.

122 1074 234 1122 Fini
255 1084 388 1134 potest
410 1084 454 1120 ut
474 1077 537 1119 vel
567 1076 651 1132 ipse
684 1081 831 1118 mutata
864 1073 1061 1116 sententia
1095 1073 1296 1115 meliorem
1322 1073 1369 1115 ad
1391 1079 1561 1114 mentem
1581 1086 1671 1114 sese

122 1145 397 1198 ccv-averit,
441 1145 506 1188 vel
539 1144 625 1186 eius
659 1143 852 1200 discipuli.
914 1140 1017 1184 Nam
1042 1156 1113 1197 pro
1145 1142 1320 1197 utrisque
1344 1141 1555 1183 orthodoxi
1588 1141 1671 1196 qui-

122 1214 210 1260 dn-
240 1227 332 1258 cese
361 1213 594 1256 defensores
625 1212 960 1268 interposuerunt.

236 1280 491 1331 semiariani.
553 1278 755 1324 Christum
788 1279 843 1321 illi
877 1286 1095 1321 creaturam
1131 1293 1222 1321 esse
1252 1278 1408 1330 dicunt,
1452 1279 1520 1321 sed
1554 1279 1673 1321 cavil-

118 1352 241 1397 lando
262 1357 394 1394 tamen
415 1357 561 1406 negant
580 1357 800 1391 ceterarum
825 1355 1095 1390 creaturarum
1119 1361 1209 1390 esse
1228 1347 1411 1399 similem,
1443 1348 1511 1388 sed
1538 1347 1672 1399 filium,

121 1418 327 1476 inquiunt,
366 1417 472 1462 illum
498 1418 687 1468 dicimus,
734 1431 870 1458 verum
896 1430 944 1458 ne
976 1430 1029 1458 ex
1052 1416 1309 1472 generatione
1337 1416 1420 1472 ipsa
1448 1416 1525 1458 ulla
1545 1416 1582 1457 in
1609 1431 1675 1472 pa—

124 1486 405 1534 metet-,tio
431 1485 655 1536 derivetur,
689 1486 856 1528 eundem
881 1492 1054 1527 creatum
1082 1485 1329 1526 confitemur.
1393 1483 1511 1526 lidem
1534 1492 1573 1526 et
1596 1485 1673 1539 spi-

123 1556 243 1600 ritn-
266 1563 444 1599 sanctum
467 1555 627 1598 omnino
650 1561 872 1596 ereaturam
896 1567 985 1595 esse
1010 1554 1222 1604 deliniunt,
1256 1567 1420 1609 cumque
1445 1549 1673 1606 ὄμοούσιοι·,

125 1625 164 1668 id
189 1633 253 1668 eet
279 1623 652 1668 consubstantialem
686 1622 917 1679 repudient,
960 1618 1215 1674 ὅμοιοόσιον,
1258 1622 1330 1663 hoc
1365 1629 1427 1663 est
1455 1621 1673 1664 substantia

125 1693 293 1741 duilon
312 1692 544 1740 admittunt.
608 1689 723 1746 Quod
755 1691 880 1748 ipsum
913 1697 1044 1733 tamen
1084 1691 1237 1746 quidam
1277 1704 1329 1732 ex
1359 1689 1438 1732 illis
1467 1699 1671 1747 respuunt.

237 1760 598 1805 pneumatomachi.
663 1758 723 1802 De
756 1756 919 1802 Christo
951 1759 1014 1801 isti
1050 1773 1127 1801 non
1158 1759 1259 1801 male
1289 1759 1490 1811 sentiunt,
1534 1759 1603 1802 sed
1636 1760 1674 1803 in

124 1830 303 1888 spiritum
333 1837 523 1872 sanctum·
547 1828 805 1871 contumelias
836 1827 1006 1879 iaciunt,
1050 1842 1136 1870 eum
1168 1834 1207 1869 et
1230 1836 1404 1871 creatum
1426 1836 1674 1880 asseverent,

126 1905 214 1943 ete
233 1897 438 1944 divinitate
465 1897 671 1948 reficiant,
717 1897 796 1939 imo
821 1911 917 1938 vero
949 1895 1140 1938 abusione
1177 1897 1340 1952 quadam
1374 1897 1483 1939 vocis
1518 1905 1678 1954 propter

126 1965 320 2010 actionem
343 1965 468 2023 ipsam
491 1973 664 2008 creatum
687 1978 776 2008 esse
800 1965 945 2016 dicant,
981 1979 1054 2007 nec
1073 1964 1176 2008 aliud
1196 1978 1287 2008 esse
1307 1966 1528 2022 quicquam,
1562 1980 1675 2025 prae-

129 2042 192 2079 ter
218 2033 298 2078 vi-
328 2034 613 2081 metisca-ndi.

241 2102 421 2146 Aeriani.
481 2102 628 2146 Aeria·
647 2115 670 2144 e
690 2100 819 2145 Ponto
838 2102 1028 2145 oriundus
1048 2102 1240 2160 hodieque
1264 2117 1403 2160 magna
1426 2105 1582 2147 humani
1605 2120 1673 2162 ge—

128 2170 238 2216 neris
277 2170 499 2214 calamitate
538 2178 734 2227 superest.
804 2168 954 2213 Fuerat
994 2171 1085 2214 olim
1126 2170 1324 2214 Eustathii
1367 2173 1565 2230 episcopi,
1609 2175 1674 2231 qui

127 2238 271 2284 Ariani
306 2238 456 2282 erroris
487 2238 735 2282 insimulatus
769 2253 815 2280 ac
844 2239 1043 2296 depositus
1078 2246 1161 2292 est,
1205 2240 1433 2297 presbyter,
1477 2243 1541 2298 qui
1572 2245 1673 2298 quod

128 2307 337 2366 epiecopus
363 2321 434 2364 pro
459 2305 669 2349 Eustatliio
693 2313 848 2349 creatus
874 2321 952 2349 non
980 2315 1110 2360 esset,
1153 2310 1271 2351 multa
1297 2310 1487 2352 adversus
1511 2310 1675 2353 catholi-

128 2390 214 2421 cam
246 2375 453 2419 eeclesiam
488 2376 668 2431 dogmata
702 2381 945 2418 commentus
980 2382 1056 2418 est.
1117 2377 1204 2428 Ae,
1246 2378 1347 2433 quod
1375 2378 1422 2420 ad
1445 2378 1556 2420 fidem
1583 2379 1673 2421 atti-

129 2453 218 2499 net,
258 2458 471 2502 germanus
508 2443 594 2486 Arii
626 2450 800 2485 sectator
820 2449 896 2485 est.
957 2441 1038 2487 Sed
1060 2445 1225 2501 amplius
1250 2445 1429 2502 quiddam
1453 2447 1671 2503 profitetur.

130 2510 362 2558 Oblationes
394 2526 463 2569 pro
497 2511 661 2554 mortuis
691 2525 769 2553 non
795 2524 885 2553 esse
912 2511 1134 2565 faciendas,
1181 2513 1325 2556 ieiunia
1355 2522 1516 2570 quartae
1552 2516 1674 2558 seriae

130 2589 173 2626 et
190 2580 436 2625 Parasceues
462 2595 507 2622 ac
530 2579 894 2635 Quadragesimae,
929 2593 1001 2621 nec
1026 2594 1102 2622 non
1125 2579 1408 2634 apamiam,
1453 2582 1671 2637 interdicit;

130 2663 265 2696 rernm
287 2650 460 2693 omnium
482 2648 813 2692 renuntiationem
836 2648 1056 2703 praedicat,
1101 2651 1276 2692 carnium
1303 2664 1348 2692 ac
1373 2651 1600 2695 deliciarum
1625 2656 1673 2697 ad

130 2718 253 2763 vitam
276 2732 391 2762 omne
415 2732 542 2775 genus
570 2716 741 2758 adhibet.
803 2714 918 2771 Quod
951 2716 985 2758 si
1008 2716 1095 2772 quis
1115 2724 1354 2760 sectatorum
1385 2733 1544 2763 suorum
1574 2721 1673 2765 ieiu-

175 2853 231 2891 76-
255 2852 286 2891 οἳ
306 2854 336 2891 οἱ
354 2856 446 2889 codd·
468 2864 541 2888 mss.
567 2858 593 2887 et
612 2855 683 2887 edit.
710 2855 809 2895 princ.
833 2855 878 2885 vi-
970 2852 1023 2886 b'o.
1049 2849 1131 2889 mire
1150 2855 1240 2887 hebet
1260 2858 1466 2890 summarium
1492 2859 1625 2893 Panem
1643 2865 1672 2894 et

130 2902 215 2935 aaa.
923 2899 1031 2932 Ionan.
1057 2901 1204 2934 Demeae.

177 2945 230 2982 77.
255 2941 357 2981 αὖτόν
374 2945 503 2990 κτίσμα
523 2948 646 2979 invertit
665 2946 731 2978 eod.
748 2945 877 2986 Rmia.
967 2944 1023 2978 81.
1045 2945 1194 2987 Suspicor
1213 2947 1272 2981 τοῦ
1296 2945 1342 2986 ἐν,
1389 2949 1440 2989 Cf.
1462 2953 1668 2985 summm-ium

177 2989 230 3025 78.
256 2992 342 3024 Liar-t
362 2993 509 3034 praebent
530 2993 624 3033 vnlao
646 2986 831 3034 ὄμοούσιον.
925 2989 1059 3024 Penuria
1077 3000 1109 3031 p.
1132 2988 1208 3025 ⁸09.

176 3034 230 3071 79.
254 3037 303 3070 Ito
332 3038 554 3071 affluendum
583 3040 649 3070 emt
673 3046 712 3069 ex
738 3036 879 3070 Pauor-io
966 3036 1021 3069 252.
1046 3033 1180 3079 τετράδι
1210 3039 1301 3071 codd.
1331 3047 1405 3073 nes.
1430 3043 1458 3074 et
1478 3042 1550 3075 edit.
1567 3045 1668 3084 princ.

132 3084 161 3116 κ
178 3081 293 3115 lemme
313 3082 460 3116 Βοπιωο.
504 3083 592 3116 Libri·
610 3083 703 3123 vulfio
722 3080 875 3124 ἐκτίσθη.
