2020 3276
426 170 608 205 rammi
633 170 716 204 me.
736 171 793 204 ιιι.
814 170 923 204 Toni.
943 171 970 204 1.
995 169 1128 205 aaa.
1149 169 1310 203 Lxxvt.
1558 159 1633 201 231

95 251 239 298 ὼ
262 251 327 295 vol
348 250 585 295 levissimam
611 250 799 306 temporis
823 250 1056 292 divisionem
1081 248 1283 290 admittat?
1341 246 1512 291 Proinde
1538 247 1642 289 scire

94 327 136 365 t·
154 319 248 364 ittad
272 325 451 378 oportet,
493 319 607 361 deum
629 318 741 360 initio
764 324 963 359 carentem
978 349 989 368 ,
1028 325 1066 358 et
1093 331 1115 358 a
1139 316 1245 358 nullo
1269 317 1436 368 fuctum,
1475 315 1641 357 similem

88 387 168 432 ibi
191 387 307 432 donn
324 401 349 430 e
367 388 500 444 seipso
521 387 730 442 genuisse,
763 386 939 441 adeoque
962 386 1002 426 in
1025 384 1206 427 omnibus
1229 384 1450 440 aequalem.
1511 381 1641 439 Quem

90 455 247 513 quide-
270 455 430 499 minime
446 469 607 499 creasse
631 455 794 507 dicitur,
836 468 887 497 ne
910 453 944 496 si
969 460 1124 495 creatus
1150 459 1258 494 esset
1281 453 1447 508 ideoque
1472 451 1642 495 dissimi-

90 525 143 571 tia
162 525 291 577 bret,
330 524 558 567 diversitate
580 524 850 579 varietateque
871 536 941 564 sua
960 521 1023 563 dei
1047 521 1346 577 appellationem
1370 535 1392 563 e
1416 521 1546 563 medio
1569 520 1643 562 tol-

90 593 209 638 tant.
268 590 427 637 Etenim
460 592 544 634 lieri
575 606 654 634 non
685 598 814 648 potest
844 590 974 646 utqui
998 596 1163 645 generat
1194 589 1419 630 dissimilem
1445 589 1507 631 sui
1532 589 1642 631 inae-

89 661 322 719 quale-que
349 661 560 718 producat,
601 668 667 702 aut
688 667 729 702 nt
749 659 907 716 genitus
931 657 1158 714 generantis
1180 657 1232 698 sit
1253 657 1469 698 dissimilis.
1532 654 1642 711 Quo-

86 730 199 775 circa
215 729 431 773 naturalem
452 729 654 785 utriusque
676 727 917 770 identitatem
940 727 1085 768 retinet
1104 725 1140 766 id
1162 725 1263 781 quod
1283 725 1511 780 evangelico
1532 724 1642 767 testi-

91 798 224 844 monio
245 799 394 850 fertur,
437 797 477 840 in
506 812 583 854 quo
605 797 657 839 ita
680 795 868 853 scriptum
899 802 985 838 est:
1032 797 1164 836 Omnia
1185 807 1281 847 quae
1298 797 1424 846 patr-225
1448 802 1540 835 sunt
1560 808 1641 835 mea
1690 793 1798 857 {3⁸⁰3

87 874 201 917 aaut,
231 866 308 909 boo
328 873 412 918 est,
444 866 541 908 deus
562 873 624 908 est
645 871 778 922 pater,
810 878 886 919 ego
907 863 1040 905 itidem
1063 863 1182 914 deus,
1215 862 1295 902 vita
1319 868 1382 903 est
1405 869 1532 917 pater,
1566 876 1640 918 ego
1727 849 1738 865 ’

89 935 209 981 oti-n
228 934 335 987 viu,
365 941 407 978 et
423 941 557 977 cetera
579 934 708 976 omnia
728 947 829 989 qnae
852 931 975 989 patri,
1008 931 1086 973 lilio
1111 937 1151 972 et
1169 929 1323 986 spiritui
1344 938 1482 972 sancto
1505 930 1543 972 in
1566 944 1640 972 una

89 1002 297 1049 divi-itate
316 1003 581 1054 conveniunt,
614 1016 700 1044 cum
722 1001 817 1044 nihil
845 1001 897 1044 sit
919 1000 959 1042 in
983 999 1156 1042 trinitate
1182 999 1405 1050 diversum,
1448 1012 1494 1040 ac
1517 998 1641 1039 mani-

54 1108 65 1127 ,
93 1060 197 1118 Min
232 1070 346 1115 nobis
379 1070 631 1114 subsistentis
655 1070 742 1112 sine
773 1069 853 1112 ullo
882 1069 996 1111 initio
1028 1082 1075 1109 ac
1110 1074 1285 1124 tempore
1318 1067 1468 1123 paterni
1510 1066 1636 1118 verbi,

61 1118 140 1185 διο
166 1139 350 1188 similiter
379 1138 631 1182 subsistentis
661 1137 821 1193 spiritus
851 1138 1000 1188 sancti,
1042 1136 1108 1193 qui
1142 1149 1195 1178 ex
1228 1142 1337 1191 patre
1372 1134 1518 1190 filiique
1551 1148 1640 1191 pro-

91 1208 189 1267 priis
217 1208 369 1259 oritur,
409 1208 580 1264 perlecta
607 1207 719 1250 uobis
746 1207 874 1249 oblata
897 1205 1068 1262 cognitio
1092 1204 1167 1256 sit,
1211 1211 1328 1260 atque
1359 1203 1463 1245 omni
1487 1203 1640 1245 ratione

91 1266 259 1322 fimana.

201 1345 312 1388 Astii
326 1342 456 1402 Caput
474 1343 529 1387 lt.
563 1343 608 1387 Si
636 1344 834 1399 ingenitus
859 1343 957 1385 deus
980 1355 1119 1384 caussa
1147 1347 1207 1383 est
1228 1340 1332 1382 omui
1357 1339 1638 1397 praestantior,

89 1413 168 1459 erit
189 1414 307 1457 etiam
331 1414 588 1468 generatione
612 1413 695 1468 ipsa
729 1411 1016 1468 praestantior:
1051 1410 1101 1461 si,
1135 1410 1307 1465 inquam,
1340 1408 1492 1452 caussis
1515 1410 1640 1450 omni·

85 1480 163 1525 bns
195 1482 419 1534 antecellit,
459 1480 706 1537 generationi
740 1480 871 1523 itidem
897 1479 1121 1520 antecellet.
1182 1476 1324 1533 Neque
1356 1477 1459 1518 enim
1490 1484 1557 1519 aut
1590 1476 1639 1519 ab

91 1549 218 1595 attera
241 1556 381 1594 natura
404 1557 446 1593 ut
471 1557 580 1591 esset
600 1549 780 1605 accepit,
813 1555 879 1590 ant
908 1548 1000 1589 illud
1031 1547 1115 1603 ipse
1146 1546 1219 1589 sibi
1252 1546 1430 1588 contulit.

202 1615 368 1663 conten.
395 1616 448 1660 ΙΙ.
497 1616 542 1661 Si
566 1618 764 1672 ingenitus
787 1630 927 1658 caussa
949 1623 1009 1658 est
1030 1615 1133 1657 omni
1161 1614 1447 1672 praestantior,
1480 1614 1527 1655 ab
1554 1614 1639 1671 ipso

86 1700 206 1746 porro
221 1687 379 1744 genitus
398 1686 499 1729 hand
522 1686 589 1728 illo
610 1686 725 1741 digne
745 1685 901 1741 genitus
922 1692 999 1735 est,
1033 1698 1106 1726 nec
1129 1683 1319 1739 aequatis,
1353 1690 1392 1724 et
1413 1690 1542 1725 tamen
1568 1697 1640 1725 ex-

84 1755 244 1801 attenti
265 1755 332 1799 illa
357 1754 480 1812 patris
499 1754 759 1813 appellatione
784 1754 1031 1804 continetur,
1075 1766 1265 1794 summam
1289 1751 1458 1805 genitori
1482 1752 1638 1806 genitus

85 1823 339 1882 ignominiam
364 1823 494 1875 affert,
527 1823 590 1879 qui
615 1822 778 1864 alterius
802 1837 916 1878 quam
939 1827 1097 1863 creatae
1123 1835 1187 1862 res
1209 1828 1367 1862 ceterae
1391 1821 1560 1862 nominis
1581 1821 1638 1862 di-

85 1891 237 1949 gnitate
257 1892 448 1949 gaudeat,
481 1905 608 1947 neque
633 1898 674 1932 nt
695 1898 825 1933 cetera
847 1890 927 1941 illa,
961 1904 1060 1946 quae
1087 1890 1187 1931 tacta
1206 1897 1312 1940 sunt,
1347 1889 1537 1931 conditori
1564 1903 1637 1930 suo

87 1961 233 2004 cultum
258 1967 299 2003 et
321 1959 508 2003 honorem
539 1959 735 2002 adhibeat.
797 1957 900 2001 Nam
926 1959 1001 2000 alia
1026 1957 1204 2014 quidem,
1252 1971 1349 2013 quae
1384 1965 1498 1999 extra
1531 1957 1635 1999 illum

87 2035 204 2080 sunt,
246 2027 440 2071 conditori
463 2042 535 2071 suo
566 2029 685 2071 decus
718 2028 986 2083 honoremque
1018 2026 1211 2079 tribuuut3
1257 2026 1319 2068 cui
1355 2040 1427 2068 nec
1458 2026 1638 2082 aequalia

88 2103 203 2150 suut,
245 2111 319 2140 nec
341 2097 479 2139 eadem
503 2110 590 2139 eum
612 2097 679 2138 illo
701 2096 959 2153 appellatione
983 2102 1218 2147 censentur,
1262 2095 1330 2137 sed
1357 2095 1516 2136 servilis
1542 2109 1637 2136 con-

87 2165 248 2212 ditionis
280 2172 394 2216 sunt,
435 2172 552 2221 atque
586 2165 634 2207 ad
665 2164 857 2207 creatoris
886 2163 1051 2220 gloriam
1083 2163 1296 2220 producta,
1341 2177 1416 2219 quo
1454 2163 1635 2205 nimirum

89 2247 143 2278 ex
164 2233 381 2277 illustribus
411 2233 488 2276 illis
519 2239 560 2275 et
582 2232 755 2288 egregiis
786 2232 871 2274 eius
898 2233 962 2288 qui
986 2231 1200 2274 illustribus
1224 2231 1331 2273 hisce
1362 2231 1479 2273 rebus
1502 2230 1637 2273 condi-

88 2301 140 2348 tin
164 2302 348 2360 superior
369 2309 430 2344 est
453 2301 680 2358 dignitatem
702 2300 1054 2356 excellentiamque
1080 2299 1330 2357 proportione
1354 2300 1516 2355 qnadam
1543 2313 1638 2340 con-

89 2371 336 2428 templemur.
397 2371 454 2413 At
482 2383 579 2412 vero
607 2369 729 2420 alter,
777 2368 840 2424 qui
877 2382 950 2411 uec
980 2369 1174 2411 communi
1207 2375 1429 2410 ceterorum
1465 2366 1637 2423 appella-

89 2438 199 2483 tione
222 2438 469 2490 continetur,
516 2444 556 2479 et
578 2451 647 2493 pro
678 2451 726 2478 eo
751 2437 851 2492 quod
877 2437 1086 2479 excellenti
1121 2437 1172 2478 illi
1204 2436 1549 2479 consubstantialis
1576 2442 1638 2477 est

90 2507 282 2552 eiusmodi
302 2507 492 2563 dignitate
515 2506 712 2563 praeditus
736 2512 821 2556 est,
865 2512 908 2547 ut
930 2505 968 2546 in
993 2506 1129 2546 eodem
1153 2520 1239 2547 cum
1266 2504 1331 2546 illo
1356 2504 1492 2545 ordine
1515 2503 1637 2545 collo-

90 2583 228 2628 cetur,
260 2575 296 2619 si
322 2590 437 2633 quam
460 2575 602 2618 babeat
627 2574 675 2615 ab
700 2573 848 2616 eximio
872 2573 939 2615 illo
969 2572 1259 2629 praestantique
1282 2572 1534 2623 varietatem,
1568 2585 1637 2613 ne·

88 2658 205 2688 omo
228 2651 291 2687 est
312 2652 356 2687 ut
373 2645 422 2686 de
450 2644 624 2686 eiusdem
656 2642 841 2696 dignitate
870 2641 1011 2697 aliquid
1043 2641 1268 2691 imminuat,
1316 2640 1388 2681 hoc
1419 2640 1502 2695 ipso
1534 2640 1636 2695 quod

90 2712 413 2756 excellentissimi
448 2712 554 2755 illius
587 2710 626 2753 in
655 2710 790 2766 genito
825 2709 1046 2765 splendoris
1077 2709 1298 2751 communio
1332 2708 1535 2750 varietatis
1566 2708 1637 2750 ali-

89 2780 179 2838 quid
205 2794 252 2823 ac
273 2780 512 2824 diversitatis
539 2780 695 2822 babeat.
744 2776 880 2832 Quare
902 2778 1067 2819 similem
1093 2778 1197 2819 illum
1225 2790 1247 2818 e
1270 2775 1404 2827 simili,
1434 2783 1472 2818 et
1493 2790 1637 2833 aequa·

90 2849 165 2891 lem
190 2862 243 2891 ex
262 2849 414 2906 aequati
440 2850 609 2895 foetum.
655 2862 732 2889 non
761 2860 830 2903 pro
854 2853 966 2903 captu
989 2859 1204 2902 corporeae
1232 2844 1395 2888 alicuius
1416 2844 1635 2901 intelligen-

90 2916 168 2959 tiae
186 2914 414 2960 Cltristiana
437 2917 510 2959 lide
535 2915 799 2972 concipimus,
845 2914 914 2955 sed
947 2921 1128 2969 tanquam
1152 2914 1266 2956 deum
1294 2926 1346 2956 cx
1365 2913 1464 2965 deo,
1506 2914 1635 2956 lumen

92 2985 139 3028 de
163 2985 330 3036 lumine,
378 2999 423 3028 ae
445 2986 608 3027 verbum
642 2982 762 3042 patris
795 2981 1036 3035 subsistens,
1082 2983 1181 3026 adeo
1214 2989 1256 3025 ut
1277 2981 1509 3025 excellentis
1533 2982 1636 3028 illius
