1976 3262
0 842 13 894 *mv—⁶·

450 190 634 226 mann
658 191 744 226 Lm.
763 191 821 225 m.
845 191 955 227 ToM.
971 192 997 225 1.
1020 191 1155 226 natu.
1170 191 1331 227 LXXIII.
1584 185 1660 226 101

115 269 266 314 vindex
289 271 468 315 veritatis
486 272 601 324 deus,
633 271 698 328 qui
719 273 998 325 comprehendit
1015 275 1202 325 sapoehnoes
1223 275 1263 313 in
1283 276 1425 313 astum
1447 286 1519 314 sua
1542 272 1566 298 *
1589 271 1615 299 ¹⁸¹
1640 271 1664 300 ¹0¹
1683 281 1781 311 1.cor.
1790 280 1871 319 aas.

115 338 182 396 qni
213 339 405 396 unigeniti
434 340 520 383 eius
554 340 624 383 mii
653 339 951 394 cognationem,
995 339 1160 381 similem
1192 340 1343 382 eumin
1367 340 1547 383 omuibus
1573 354 1665 384 esse

114 406 241 465 μυί·
268 409 510 462 mundo,
554 404 686 451 coram
717 407 905 463 religioso
934 407 1171 463 imperatore
1196 409 1399 464 professus
1423 416 1498 452 est.
1558 407 1664 452 Nam

114 475 284 534 etipse,
323 484 462 535 utpote
485 478 595 535 pius,
638 490 717 518 non
748 475 864 517 aliter
896 476 943 517 de
974 483 1140 532 patrono
1172 490 1245 518 suo
1275 490 1322 519 ac
1349 485 1571 534 protectore
1593 492 1666 520 suo

112 544 233 589 unico
260 545 324 589 dei
355 546 439 589 filio
463 545 680 596 sentiebat,
724 551 764 587 et
788 544 890 600 quod
913 544 1110 586 sentiebat
1131 545 1195 600 pio
1215 545 1254 586 in
1277 546 1456 588 omnibus
1481 561 1553 590 ore
1574 562 1664 604 pro-

112 613 334 668 nuntium
364 614 403 657 id
425 615 527 671 quod
549 627 622 657 nos
642 612 825 655 catholici
847 612 1058 664 credimus,
1087 612 1251 654 similem
1273 627 1362 655 esse
1381 616 1503 670 patris
1523 616 1662 669 filium,

111 694 344 740 teqseper
374 683 501 740 ipsum
538 682 827 725 haeretieorum
863 681 1091 723 insidiosam
1128 681 1320 724 adversus
1353 683 1664 727 ecclesiasticam

111 750 230 794 fleu
265 751 514 794 cslliditatem
552 765 646 794 suos
683 763 919 807 progressus
953 749 1190 791 habituram.
1269 748 1383 805 Quae
1419 752 1664 795 substantiae

110 831 254 862 m
282 833 332 862 eo
364 820 530 863 consilio
558 827 724 862 conatur
755 818 1018 874 extinguere,
1060 825 1201 859 utnon
1228 820 1480 875 pronuntiata
1499 821 1663 876 amplius

109 899 211 931 voco
241 887 487 932 substantiae
524 888 678 930 demum
708 887 749 928 in
788 886 1012 943 pectoribus
1044 886 1281 929 delitescens
1306 887 1483 930 haeresis
1506 889 1662 946 impune

109 963 329 1013 ‘susat-r.
388 955 540 999 Verum
564 955 630 1013 qui
648 955 815 998 similem
837 968 928 997 esse
951 954 1177 1004 voluntate,
1209 956 1429 998 substantia
1460 971 1558 999 vero
1584 959 1662 1000 dis-

109 1025 277 1069 similem
297 1024 421 1068 filium
445 1039 538 1068 esse
557 1024 826 1081 seripserunt,
868 1022 1012 1075 iidem,
1056 1024 1090 1065 si
1119 1023 1222 1066 bona
1251 1024 1331 1066 fide
1354 1038 1402 1067 ao
1429 1026 1587 1068 sincere
1608 1027 1662 1069 si-

110 1093 243 1137 mile-
262 1093 430 1137 eundem
450 1093 490 1136 in
514 1093 696 1136 omuibus
716 1106 807 1135 esse
829 1092 1001 1134 confessi
1025 1099 1139 1144 suut,
1173 1093 1410 1136 vanissimos
1433 1107 1570 1137 eorum
1595 1109 1662 1137 co-

110 1169 227 1205 nst-s
257 1174 349 1205 esse
381 1161 740 1219 deprehendemus,
788 1161 878 1203 dum
910 1160 1154 1204 substantiae
1188 1176 1330 1204 nomen
1365 1163 1520 1220 eripere
1554 1165 1660 1206 omni

108 1230 364 1275 §suntiono
398 1231 574 1274 student.
635 1229 795 1272 Etenim
823 1229 858 1272 si
882 1229 923 1271 in
950 1229 1154 1282 omuibus,
1198 1237 1242 1272 ut
1272 1239 1479 1284 asserunt,
1520 1232 1660 1275 similis

108 1298 184 1352 ἂι,
224 1305 269 1343 ιι
286 1305 351 1341 est
372 1312 416 1342 re
438 1313 560 1351 vera,
603 1299 702 1356 patri
730 1298 858 1350 filius,
901 1312 980 1340 non
1004 1298 1207 1340 voluntate
1232 1305 1273 1341 et
1294 1300 1450 1342 actione
1474 1301 1583 1353 sola,
1616 1308 1660 1343 ut

106 1367 186 1411 illis
210 1367 364 1426 placet,
403 1368 473 1409 sed
497 1367 710 1410 existentia
735 1381 782 1409 ac
801 1366 1020 1409 substantia
1044 1373 1083 1408 et
1102 1368 1142 1408 in
1164 1381 1213 1409 eo
1233 1368 1320 1424 ipso
1341 1370 1443 1424 quod
1471 1376 1553 1422 est,
1598 1377 1659 1412 nt-

105 1442 199 1495 pote
220 1435 342 1488 fitius,
373 1435 512 1479 similis
536 1436 588 1478 sit
606 1450 772 1478 necesse
795 1443 872 1478 est.
933 1434 1038 1478 Nam
1062 1435 1159 1477 haec
1180 1435 1364 1492 loquendi
1390 1438 1580 1490 formula,
1611 1441 1658 1480 In

104 1505 297 1557 maus,
346 1505 533 1547 universa
579 1505 877 1561 complectitur,
930 1518 1005 1546 nee
1048 1505 1167 1546 ullum
1217 1504 1427 1548 discrimen
1471 1506 1655 1560 admittit,

105 1566 418 1630 quandoquidem
451 1573 491 1615 in
517 1574 701 1615 confesso
735 1573 834 1629 apud
861 1587 999 1615 omnes
1024 1573 1127 1615 istud
1151 1580 1235 1626 est,
1277 1588 1351 1616 neo
1374 1574 1541 1617 similem
1565 1589 1656 1618 esse

102 1641 179 1684 sibi
200 1648 375 1700 patrem,
419 1655 548 1698 neque
570 1641 644 1684 sibi
667 1641 742 1698 ipsi
767 1640 914 1693 filium,
956 1642 1026 1683 sed
1059 1641 1180 1684 filium
1207 1656 1297 1684 esse
1324 1643 1446 1699 patris
1469 1643 1652 1697 similem,

103 1716 146 1754 et
163 1723 215 1754 eo
233 1710 344 1769 ipso,
388 1711 490 1767 quod
513 1710 553 1752 iu
582 1710 762 1753 omnibus
785 1710 886 1768 patri
908 1710 1047 1752 similis
1070 1717 1155 1762 est,
1195 1711 1318 1753 filium
1341 1725 1458 1764 esse,
1490 1727 1569 1754 non
1590 1727 1656 1768 pa-

102 1785 219 1822 trem.
278 1777 359 1836 Qui
395 1779 551 1836 quidem
590 1780 767 1836 perfecte
806 1793 829 1820 a
859 1780 1036 1836 perfecto
1073 1787 1184 1836 patre
1222 1787 1314 1822 ante
1353 1780 1652 1836 intelligentiam

102 1860 284 1901 omnen,
315 1861 550 1904 omnemque
572 1848 789 1901 rationem,
822 1862 870 1890 ac
893 1855 1094 1905 tempora,
1138 1848 1376 1905 saeculaque
1398 1863 1421 1891 e
1443 1850 1565 1905 patris
1592 1857 1654 1892 est

101 1915 354 1959 similitudine
376 1917 555 1973 genitus,
589 1931 637 1959 eo
663 1917 803 1969 modo,
847 1931 961 1973 quem
984 1917 1092 1960 solus
1113 1917 1318 1973 cognoscit
1339 1924 1475 1973 pater,
1520 1919 1584 1974 qui
1606 1919 1653 1960 itt

100 1985 181 2029 lun
201 1999 226 2029 e
249 1986 381 2043 seipso
409 1985 507 2027 eitra
541 1985 765 2042 passionem
798 1999 954 2027 omnem
989 1986 1141 2042 genuit.
1203 1983 1284 2028 Sed
1313 1993 1354 2027 et
1386 1986 1491 2029 filius
1523 1987 1649 2039 novit,

100 2053 167 2111 qui
199 2053 248 2097 ab
279 2067 329 2096 eo
357 2060 402 2096 ut
422 2061 528 2096 esset
557 2054 723 2110 accepit.
783 2053 911 2097 Novit
931 2061 1131 2111 postremo
1155 2061 1195 2096 et
1218 2054 1253 2096 is
1274 2054 1336 2096 eui
1359 2054 1424 2097 ille
1446 2055 1648 2107 revelarit,

99 2122 240 2180 otique
271 2122 313 2165 in
342 2121 403 2165 sui
436 2123 765 2180 contemplatione
798 2123 920 2180 patris
943 2123 1028 2175 sui,
1070 2130 1114 2166 ut
1136 2137 1209 2180 par
1233 2130 1319 2175 est,
1350 2123 1649 2180 intelligentiam

98 2191 360 2235 meeuerit.
480 2186 484 2190 ’

212 2257 363 2303 verum
393 2274 443 2303 ne
467 2274 581 2316 quem
615 2260 880 2317 hypostaseon
905 2261 1112 2319 appellatio
1134 2261 1219 2319 ipsa
1245 2261 1461 2319 perturbet.
1523 2259 1587 2303 Ob
1610 2260 1647 2302 id
1668 2268 1853 2314 cap.xvt.

98 2327 203 2372 eni-
233 2328 470 2387 hypostases
502 2328 551 2371 ab
583 2325 853 2372 Orientalibus
886 2337 1148 2387 usurpantur,
1193 2338 1236 2372 ut
1266 2344 1523 2387 personarum
1558 2342 1649 2385 pro-

97 2396 288 2454 prietates
324 2397 588 2440 subsistentes
623 2398 922 2455 existentesque
958 2398 1173 2441 declarent.
1234 2397 1339 2441 Nam
1373 2397 1448 2440 etsi
1485 2397 1647 2453 spiritus

97 2471 212 2524 μοι·
230 2472 308 2519 est,
339 2473 382 2509 et
404 2466 509 2509 silius
535 2465 711 2522 spiritus,
745 2473 784 2508 et
806 2466 966 2523 spiritus
989 2474 1148 2510 sanctus
1171 2468 1254 2525 ipse
1279 2466 1458 2524 spiritus,
1483 2480 1560 2507 non
1589 2474 1647 2507 ta-

97 2545 187 2576 ne·
207 2540 358 2592 patrem
378 2548 468 2578 esse
490 2534 612 2577 filium
634 2534 873 2589 concipimus
896 2535 1052 2588 animo,
1083 2537 1175 2591 quin
1199 2543 1238 2577 et
1261 2535 1422 2592 spiritus
1443 2534 1528 2591 ipse
1554 2533 1646 2576 sub-

95 2600 223 2655 fflit,
254 2603 318 2660 qui
339 2617 583 2660 nequaquam
610 2602 714 2645 filius
736 2602 989 2659 intelligitur,
1021 2605 1238 2648 cuiusmodi
1264 2618 1342 2645 non
1365 2610 1448 2656 est,
1482 2603 1550 2645 sed
1576 2617 1647 2659 per

96 2669 269 2729 seipsam
303 2672 464 2730 spiritus
496 2679 658 2714 sanctus
691 2671 757 2713 ille
792 2670 985 2715 subsistit.
1049 2672 1123 2715 Hic
1146 2673 1250 2715 enim
1276 2685 1404 2728 nequo
1431 2678 1544 2729 pater
1563 2677 1642 2724 est,

94 2761 427 2817 teusVerumipsos
447 2769 545 2797 antea
565 2762 588 2796 d
590 2762 734 2808 eenpoeh
714 2762 844 2796 nidm-
887 2773 951 2798 σοι
974 2766 1075 2799 video.

288 2813 356 2843 αα»
934 2809 967 2843 8.
993 2809 1033 2845 ἐκ
1055 2812 1115 2845 τοῦ
1138 2811 1259 2844 volebat
1280 2811 1439 2844 petavius.

139 2854 172 2888 ὁ.
194 2854 283 2909 ιφή
302 2857 397 2897 νιιιρο
417 2850 590 2898 &cnseo
553 2847 609 2890 οὖν
935 2854 970 2888 9
992 2854 1273 2897 τίλιωςαιιίσιινσ
1296 2856 1385 2889 0⁰66·
1411 2865 1484 2890 mu·
1505 2854 1643 2895 τελείως

96 2904 99 2908 ’
138 2896 174 2934 ὅ.
198 2897 304 2944 μόνην
329 2909 391 2934 ons.
417 2902 485 2934 ood-
504 2902 640 2956 Βὴιάίς.
891 2900 977 2934 σῶα.

139 2941 173 2978 7.
210 2941 439 2988 Υιιισοαντόν
471 2942 582 2981 aalma
618 2947 846 2979 sectatur-m
941 2946 990 2980 10.
1015 2941 1555 2989 amovenda-numanam

96 2983 845 3034 sfflv.quoamvmquoquemwinun·oto
939 2991 1643 3038 ltwmplmmendomntcmriuset

95 3035 375 3075 smmum
387 3038 667 3071 imo-umentem
683 3038 761 3071 tadu
762 3040 847 3070 otum
892 3038 1050 3072 Patovtus.
1097 3040 1183 3073 uon
1205 3039 1317 3075 hebent
1338 3037 1504 3085 παρέχειν.
