2020 3276
514 185 698 220 rammi
722 185 808 220 Lm.
822 186 883 219 ιιι.
906 186 1017 221 Tem.
1034 187 1061 220 1.
1086 186 1221 221 nana.
1238 187 1398 221 Lxxni.
1651 178 1731 220 133

180 264 353 327 §entiae
381 279 524 309 nomen
548 265 675 323 ipsum
706 266 754 308 ad
784 278 939 308 omnem
970 266 1164 323 passionis
1194 267 1477 310 excludendam
1507 267 1731 325 opinionem

178 334 334 379 ficit.

293 401 442 446 verum
468 417 546 460 quo
567 402 723 445 tandem
752 403 927 459 rapimur
948 402 1034 444 eius
1060 403 1124 459 qui
1151 403 1202 445 ita
1227 403 1384 460 scripsit
1411 404 1547 456 obliti,
1590 407 1622 445 0
1641 406 1732 445 alti·
1798 404 1878 447 cap,

178 473 269 515 Mo
296 474 533 521 amm,
576 474 784 525 sapientiae
813 479 853 512 et
873 474 1053 512 scientiae
1072 473 1156 512 dci.-
1201 487 1311 526 quam
1341 451 1820 527 zncompreleensibileag'jz
1827 451 1936 531 {1¹3³-

175 547 269 583 ῥιπὶ
296 542 438 582 Μία
467 543 569 590 eius,
612 548 654 581 et
685 540 965 593 enmngabiles
996 542 1079 580 viae
1111 542 1225 580 etus?
1282 539 1371 582 Nos
1396 541 1498 582 enim
1530 541 1731 583 doctorem

177 608 365 652 hum-s
407 609 585 651 veritatis
626 607 828 665 spiritum3
881 621 994 664 quem
1040 607 1154 649 nobis
1197 615 1450 664 posteaquam
1495 609 1534 650 in
1577 601 1728 651 coelum

176 677 355 720 mandit
384 677 549 733 largitus
584 684 647 719 est
678 677 881 719 dominust
928 679 976 718 Ut
1008 678 1198 716 m’dcamus
1219 691 1316 731 quac
1336 691 1360 717 a
1383 679 1452 717 deo
1476 680 1615 718 donata
1638 686 1935 728 sunthor.²‚u.

174 746 306 788 noh‘s:
347 748 387 787 iu
409 760 483 800 quo
505 754 545 786 ct
563 748 772 800 loquimur,
815 760 890 786 non
920 748 960 786 in
990 747 1132 785 edoctis
1156 747 1341 786 humanae
1360 748 1567 798 sapientiae
1591 747 1728 797 verbis,

173 816 244 857 nl
258 828 284 856 a
305 816 506 869 disciplina
540 818 700 868 spu-itus
723 817 910 868 acceptes,
951 814 1192 868 spiritalibus
1224 815 1417 867 spiritalia
1450 823 1727 868 comparantes,

174 885 217 925 ἁ
247 897 323 938 quo
355 884 514 924 colinus
544 891 584 924 ct
603 885 830 933 adoramus,·
873 882 984 925 cuius
1009 882 1135 937 gratia
1159 882 1378 937 «ignominia
1404 882 1615 934 afficimur,
1662 896 1731 938 per

174 962 290 1009 (μου
325 950 537 1008 prophetae
567 951 766 994 vaticinati
798 957 914 1003 snut,
961 964 983 992 a
1016 964 1094 1006 quo
1121 950 1212 993 iusti
1238 949 1416 992 homines
1439 964 1510 1007 per
1535 951 1635 992 viam
1663 951 1731 993 de-

175 1019 279 1063 ducti
298 1026 414 1073 sunt,
457 1033 527 1076 per
555 1033 669 1076 quem
694 1019 950 1062 conciliamur
974 1018 1069 1060 filio.
1132 1017 1236 1075 Quid
1257 1019 1399 1061 attinet
1420 1018 1541 1075 igitur
1562 1018 1603 1061 in
1626 1019 1730 1062 illius

175 1093 354 1131 naturam
375 1087 603 1144 inquirere?
661 1086 809 1130 Nonne
832 1088 932 1145 apud
955 1101 1029 1129 vos
1051 1087 1110 1130 sic
1145 1094 1331 1143 tanquam
1355 1087 1553 1144 spiritales
1579 1102 1730 1145 sermo-
1942 1141 1948 1149 .

175 1169 266 1199 uem
291 1155 559 1199 instituimus?
614 1155 718 1199 Nam
742 1156 790 1198 ad
811 1157 911 1199 alios
931 1157 1006 1198 ista
1029 1156 1252 1213 pertinent:
1297 1159 1478 1209 Quoniam
1498 1172 1573 1198 non
1591 1172 1727 1211 possu-
1743 1163 1843 1194 mcor.
1860 1165 1889 1201 s,
1907 1165 1934 1195 1.

174 1237 258 1266 nus
285 1224 390 1266 nobi·
421 1227 528 1279 loqui
548 1233 725 1280 tanquam
754 1225 1014 1279 spa-uatibus,
1061 1227 1129 1266 sed
1156 1233 1332 1280 tanquam
1357 1227 1591 1266 carnalibus.
1653 1224 1731 1268 Est
1800 1258 1803 1259 ν

173 1292 266 1336 itt-d
299 1305 398 1335 vero
430 1294 704 1345 metuendum,
751 1307 800 1335 ne
833 1307 887 1335 ex
912 1307 1047 1335 earnm
1077 1307 1210 1335 rerum
1231 1308 1331 1350 quae
1355 1294 1634 1351 comprehendi
1659 1308 1728 1336 ne-

172 1367 321 1419 queunt
340 1360 549 1403 ambitioso
572 1362 728 1414 studio,
772 1369 812 1404 et
833 1376 968 1404 eorum
994 1375 1095 1418 quae
1119 1361 1352 1418 investigari
1378 1377 1455 1404 non
1476 1370 1644 1419 possunt
1667 1363 1727 1404 in-

171 1428 383 1487 quisitione
413 1429 453 1471 in
486 1429 715 1472 altissimam
745 1429 954 1486 impietatis
989 1430 1218 1485 voraginem
1252 1429 1487 1474 incidamus.
1547 1434 1602 1473 Et
1622 1434 1720 1482 dcvi,
1743 1439 1914 1477 Ecetras.

170 1499 332 1553 &piens
349 1512 439 1548 ero,
482 1506 522 1539 et
553 1502 635 1552 ipsa
668 1501 820 1552 longius
844 1513 869 1539 a
891 1514 949 1540 mc
976 1502 1134 1540 recessit
1156 1513 1266 1553 quam
1289 1507 1396 1549 erat5
1442 1507 1483 1541 ct
1503 1503 1727 1542 altissimum

169 1573 229 1608 est
243 1567 502 1622 pmsundum:
532 1571 618 1622 quis
636 1570 799 1608 tnvcnt'et
819 1569 930 1608 illud.
992 1565 1294 1610 Meminerimus
1321 1568 1423 1609 enim
1449 1567 1536 1611 eins
1559 1569 1623 1624 qui
1651 1570 1725 1611 ista

170 1634 296 1678 fixits
335 1638 402 1677 Ex
418 1644 531 1690 parte
550 1639 830 1690 cognoscimus,
874 1644 914 1676 ct
931 1651 981 1676 ca·
999 1644 1113 1690 parte
1140 1639 1423 1691 prophetamus.
1488 1639 1580 1678 Cum
1601 1646 1724 1679 autem
1736 1646 1835 1711 {222
1848 1630 1931 1718 ¹3:2ss

170 1707 318 1747 m't
338 1706 442 1759 qnod
461 1706 672 1759 perfectum
696 1713 774 1755 est,
807 1706 1052 1746 evacuabitur
1069 1708 1172 1759 quod
1192 1721 1243 1746 ca:
1254 1714 1370 1759 parte
1389 1713 1470 1746 est.-
1510 1709 1550 1747 si
1565 1710 1650 1760 quis
1669 1710 1725 1748 vi-
1755 1702 1762 1710 ’
1835 1702 1842 1711 ”

169 1774 283 1815 datu·
298 1775 422 1822 scu-ie,
453 1776 617 1814 nondum
635 1777 740 1815 novit
756 1776 1061 1828 quemadmodum
1084 1782 1259 1828 oporteat
1276 1777 1390 1814 scu-e.
1454 1772 1724 1830 Quamobrem

170 1841 387 1885 verendum
418 1841 532 1884 nobis
566 1848 628 1884 est
662 1856 735 1895 ne,
780 1843 869 1884 dum
905 1842 953 1884 de
989 1842 1050 1900 bis
1084 1856 1184 1898 quae
1206 1844 1364 1899 assequi
1391 1859 1469 1886 non
1498 1858 1722 1899 possumus,

170 1924 248 1968 quo
277 1909 365 1953 iure
396 1924 549 1966 quaque
582 1911 725 1953 iniuria
746 1911 945 1967 disputare
969 1901 1175 1962 volumus,
1218 1925 1268 1953 ne
1290 1912 1338 1954 de
1363 1912 1422 1954 his
1449 1913 1602 1968 quidem
1625 1926 1724 1968 quae

170 1977 366 2035 attingere
400 1992 608 2035 possumus
650 1979 869 2036 disputandi
904 1979 1068 2022 facultas
1104 1980 1362 2036 relinquatur.
1431 1979 1536 2022 Nam
1571 1994 1624 2022 ex
1650 1980 1724 2022 fide

169 2047 302 2104 loqui,
334 2061 412 2088 non
439 2061 492 2089 ex
521 2046 581 2089 bis
605 2061 706 2103 quae
732 2048 921 2105 quispiam
961 2047 1156 2104 loquitur,
1202 2049 1314 2090 fidem
1351 2048 1537 2091 adhibere
1578 2063 1725 2092 conve-

170 2115 254 2159 nit=
287 2118 445 2157 Credidi
466 2118 586 2165 enim,
619 2115 767 2172 inquit,
807 2124 966 2170 propter
987 2120 1089 2171 quod
1109 2125 1147 2158 et
1171 2119 1319 2158 Iocutus
1338 2133 1434 2159 sum.
1499 2116 1635 2173 Quare
1655 2118 1719 2174 qui
1765 2127 1877 2156 ruim-

170 2183 220 2227 δα
237 2183 396 2242 propria
422 2183 679 2240 generatione
706 2183 804 2226 certi
825 2184 920 2227 nihil
941 2185 1134 2228 affirmare
1157 2200 1382 2243 possumus,
1401 2201 1486 2229 cum
1513 2186 1576 2228 dei
1601 2200 1721 2241 gene·
1757 2162 1818 2199 Μ’
1839 2163 1879 2191 ¹⁰⁶

167 2251 360 2295 rationem
380 2252 537 2294 curiose
569 2258 882 2307 perscrutamur,
926 2259 967 2295 et
991 2253 1198 2296 ambitiose
1222 2255 1423 2311 explicare
1448 2255 1512 2296 illa
1540 2255 1722 2311 aggredi-

169 2333 272 2375 mur,
303 2334 438 2363 nonne
460 2320 672 2362 timendum
697 2327 827 2362 estne
849 2320 925 2374 bis,
958 2320 1122 2378 quinon
1141 2322 1369 2380 disciplinae
1396 2324 1511 2365 modo
1530 2323 1718 2379 linguam,

170 2389 240 2432 aad
260 2395 300 2432 et
322 2388 624 2447 opportunitatis
646 2388 693 2431 ad
731 2389 934 2431 dicendum
967 2390 1172 2433 scientiam
1205 2393 1384 2444 confert,
1415 2399 1588 2433 nostram
1617 2391 1721 2433 illam

170 2457 219 2500 ad
250 2457 455 2500 dicendum
490 2457 740 2515 praecipitem
775 2457 976 2500 audaciam
1007 2459 1165 2501 silentio
1199 2459 1382 2501 damnet?
1448 2458 1564 2514 Quod
1599 2459 1715 2501 beato
1750 2468 1823 2500 Lue-
1841 2470 1867 2500 ι.

169 2525 226 2569 ἰΙΙί
258 2523 476 2568 Zachariae
509 2525 690 2582 contigit.
750 2524 830 2581 Qui
859 2525 1013 2582 quidem
1047 2526 1114 2569 tilii
1147 2528 1391 2570 nativitatem
1422 2527 1614 2569 nuntianti
1644 2527 1720 2570 sibi

171 2593 313 2651 angelo
335 2594 494 2636 minime
518 2594 702 2647 credens,
734 2608 780 2636 ac
802 2594 864 2636 dei
887 2594 1052 2650 gratiam
1074 2602 1114 2638 et
1134 2596 1318 2638 virtutem
1340 2595 1531 2638 humanae
1554 2595 1720 2638 rationis

170 2661 380 2705 momentis
403 2676 450 2705 ac
471 2662 709 2720 ponderibus
730 2662 968 2714 aestimans,
1000 2676 1211 2720 secumque
1236 2664 1318 2721 ipse
1343 2663 1547 2717 dubitans,
1581 2665 1719 2721 ecquid

171 2737 310 2773 natura
332 2737 548 2788 pateretur,
580 2738 622 2774 ut
645 2731 758 2773 senio
784 2731 989 2773 consectus
1011 2745 1064 2774 ex
1088 2746 1166 2774 anu
1192 2732 1338 2774 liberos
1361 2732 1595 2788 susciperet,
1627 2733 1718 2789 quid

172 2797 325 2841 demum
347 2798 569 2855 eloquitur?
628 2802 832 2852 Quomodo,
865 2799 1014 2855 inquit,
1033 2801 1128 2855 fhrc
1150 2804 1223 2841 ista
1246 2805 1500 2853 cognoscam?
1527 2815 1598 2855 ego
1620 2806 1716 2843 enim

170 2881 253 2908 sum
272 2882 402 2916 sene-t,
434 2875 474 2908 et
492 2883 591 2909 uror
610 2883 690 2909 mea
708 2870 897 2922 processit
916 2871 954 2908 in
977 2869 1109 2908 diebus
1129 2872 1222 2909 suis.
1287 2867 1398 2912 Unde
1420 2869 1550 2911 statim
1577 2871 1713 2924 audiit,

173 2937 272 2976 Ecce
291 2939 367 2976 eris
388 2944 516 2978 tacens
537 2945 575 2977 et
596 2952 670 2978 non
686 2940 832 2990 potet-125
855 2938 970 2990 loqui.
1033 2934 1087 2978 Et
1118 2950 1195 2978 non
1228 2943 1381 2993 poterat
1413 2938 1517 2996 loqui
1545 2953 1631 2982 cum
1653 2953 1715 2984 ea·

173 3009 233 3045 set
264 3017 464 3058 egressus.
