2020 3276
432 253 613 288 rammi
636 252 720 286 mn.
739 251 798 285 in.
823 251 932 286 τοΜ.
952 252 991 285 11.
1015 250 1150 284 men.
1166 249 1340 283 Lxxvn.
1574 237 1656 280 397

107 331 242 392 ῥίς
258 332 356 386 fuit,
398 339 440 375 et
459 332 663 374 humanam
685 331 849 374 haberet
868 331 1059 381 animam,
1104 329 1211 371 nullo
1239 336 1368 371 tamen
1394 327 1508 369 modo
1537 325 1586 369 ab
1609 339 1655 367 ea

104 408 245 447 ‘nette
262 400 304 443 i·
325 400 611 458 captivitatem,
644 407 687 442 ut
707 400 760 442 ita
780 400 922 451 dicam,
955 413 1000 440 ac
1022 398 1252 440 servitutem
1278 397 1493 438 redactum.
1553 392 1656 436 Nam

108 468 392 525 dapoatolm,
431 469 494 511 cui
530 469 688 526 propria
723 468 913 524 quaedam
947 480 1058 508 mens
1084 480 1105 507 a
1131 473 1268 507 natura
1295 472 1380 507 erat
1401 464 1542 515 insita,
1586 463 1656 505 hn-

109 536 228 589 -an'a
248 536 433 581 videlicet
450 551 499 579 ac
521 543 678 594 praeter
695 536 820 593 ipsam
843 536 936 587 alia,
969 549 1081 591 quam
1104 548 1156 575 ex
1179 534 1362 575 coelestis
1385 533 1475 574 doni
1497 546 1542 574 ac
1566 545 1656 588 gra·

108 605 466 662 tine-beneflciique
502 605 798 662 participatione
837 610 1038 654 traxerat,
1085 617 1160 644 non
1195 602 1273 644 iam
1309 602 1355 644 ad
1390 601 1532 643 mentis
1562 613 1658 642 snae

109 674 393 734 pececfiptum
425 674 543 716 vitam
574 673 767 729 dirigebat
791 686 927 724 snam,
974 671 1043 713 sed
1070 670 1282 712 excellenti
1305 673 1468 726 quodam
1496 676 1659 711 naturae

108 741 291 787 intituto
318 742 514 798 ductuque
536 740 685 785 Christi
715 748 846 783 mente
871 740 1081 796 insignitus
1107 747 1147 780 et
1171 746 1335 780 ornatus
1359 745 1469 789 erat,
1514 743 1659 794 quanto

111 811 239 868 nagia
257 811 321 853 dei
341 810 504 853 verbum
519 841 531 862 ,
564 810 666 866 quod
689 810 728 851 in
753 823 844 852 sese
867 808 1147 865 perfectionem
1169 820 1324 849 omnem
1351 807 1547 858 continet,
1580 806 1659 847 imo

109 878 409 938 ipa-perfectio
427 885 514 931 eat,
546 879 632 935 ipae
652 891 723 935 per
745 891 835 920 sese
865 878 986 928 deus,
1019 876 1144 918 virtus
1169 876 1275 932 ipsa,
1318 889 1428 917 mens
1450 875 1533 931 ipsa
1548 907 1559 927 ‚
1602 875 1659 917 ln-

111 960 205 992 ·e·
225 947 378 1005 ipa-n,
410 954 580 990 mentem
602 961 647 988 ac
668 954 790 989 totum
816 959 959 1002 corpus
979 944 1213 1001 complevit,
1246 944 1309 985 vel
1331 944 1495 999 perfecit
1514 943 1657 1000 potius,

113 1022 157 1060 et
177 1029 251 1060 aua
273 1015 387 1059 nobis
416 1015 688 1058 incarnatione
720 1014 952 1056 cumulatam
978 1012 1084 1056 omni
1109 1027 1164 1055 ex
1184 1019 1294 1070 parte
1314 1012 1479 1054 salutem
1506 1012 1661 1054 attulit?

114 1082 192 1129 13⁸2
207 1083 332 1142 igit-r
347 1084 504 1127 illorum
525 1084 602 1126 iste
620 1097 754 1126 sermo
774 1082 1054 1140 repudiandus,
1086 1081 1151 1139 qni
1174 1080 1318 1123 nullam
1343 1081 1536 1136 dogmatis
1559 1080 1661 1122 illius

115 1153 439 1211 monem
459 1151 600 1206 habet,
645 1152 941 1207 cavendumque
973 1165 1022 1193 ne
1056 1165 1134 1193 non
1168 1151 1297 1192 omnia
1319 1151 1359 1192 in
1389 1148 1550 1193 Christo
1573 1163 1661 1206 per-

115 1222 219 1265 fecta
233 1252 247 1276 ,
288 1227 447 1279 praeter
464 1228 665 1277 peccatum
680 1252 692 1272 ,
735 1233 975 1262 asseramus.
1037 1217 1238 1275 Siquidem
1261 1219 1434 1261 divinum
1456 1218 1549 1260 illud
1572 1231 1662 1259 ver-

117 1290 208 1333 bu·
231 1289 363 1333 onnia
393 1302 437 1332 re
468 1289 553 1345 ipsa
581 1288 799 1345 praestitit,
843 1295 884 1330 et
918 1301 1018 1344 quae
1043 1288 1091 1330 de
1116 1301 1160 1330 se
1192 1288 1279 1344 ipso
1311 1288 1376 1330 diu
1401 1295 1493 1330 ante
1519 1287 1664 1343 scripta

118 1359 276 1401 fuerant
291 1357 487 1414 implevit,
521 1357 574 1399 nti
598 1370 753 1399 sacrum
772 1357 865 1398 illud
891 1356 1115 1398 vaticinium
1141 1356 1401 1408 demonstrat,
1423 1359 1533 1397 ’Ecce
1552 1358 1662 1408 virgo
1680 1364 1850 1402 Baianis.

115 1429 301 1481 ωισῴἰετ
328 1432 406 1468 etc:
477 1423 580 1467 Tum
619 1439 716 1467 vero
748 1439 792 1467 re
826 1425 935 1482 ipsa,
982 1439 1059 1466 nou
1097 1425 1229 1481 specie
1264 1433 1379 1467 tenus
1407 1431 1586 1480 gestatus
1623 1424 1661 1465 in

117 1502 256 1547 uem,
287 1494 328 1536 in
349 1507 426 1550 quo
447 1499 489 1535 et
510 1507 650 1535 revera
672 1493 830 1549 genitus
851 1501 962 1545 erat3
994 1493 1208 1535 secundum
1231 1507 1329 1549 quae
1353 1507 1448 1535 vere
1469 1493 1574 1534 inter
1595 1493 1663 1534 ho-

116 1563 245 1607 nine·
261 1576 351 1605 οιιι
373 1575 493 1604 carne
513 1569 694 1604 versatus
714 1569 792 1614 est,
826 1575 1000 1615 carnem,
1023 1561 1190 1604 animam
1213 1575 1259 1603 ac
1278 1569 1466 1614 mentem,
1498 1567 1539 1603 et
1557 1561 1664 1616 quic—

117 1632 210 1690 quid
236 1630 339 1675 aliud
362 1630 478 1672 homo
499 1638 584 1682 est,
628 1637 785 1687 praeter
809 1638 1035 1686 peccatum,
1076 1630 1115 1672 in
1136 1644 1227 1672 sese
1250 1630 1495 1686 complexus.
1557 1627 1663 1671 ldem

54 1727 61 1732 «
119 1699 361 1757 uvirginia
381 1705 521 1751 utero,
564 1706 888 1751 esaei-ozanen,
931 1698 1112 1755 inquam,
1154 1699 1334 1755 virgine,
1375 1713 1453 1741 non
1485 1712 1538 1740 ex
1560 1697 1663 1740 virili

118 1775 234 1823 utu,
261 1782 401 1812 revera
429 1769 602 1826 genitus.
664 1766 769 1823 Qui,
812 1775 853 1810 nt
884 1768 989 1821 dixi,
1031 1781 1175 1819 carne,
1219 1768 1349 1809 anima
1381 1774 1421 1809 et
1455 1773 1585 1809 mente
1620 1780 1663 1808 re

118 1837 205 1896 ipen
232 1845 444 1891 eumuna,
487 1851 558 1894 per
592 1836 791 1879 naturales
821 1837 1118 1893 parturientium
1151 1844 1303 1879 meatus
1335 1849 1475 1878 revera
1505 1836 1662 1891 prodiit,

120 1913 167 1950 et
189 1906 234 1949 i·
261 1907 439 1964 praecepi
470 1906 604 1948 fasciis
633 1905 864 1959 obvolutus,
909 1920 931 1948 a
961 1904 1090 1948 Maria
1120 1912 1320 1962 gestatus,
1370 1911 1459 1961 post
1497 1905 1595 1946 haec
1624 1904 1664 1946 in

122 1973 344 2032 Aegyptum
364 1974 608 2017 descendens
640 1974 808 2016 indidem
842 1982 1065 2032 reportatus
1085 1981 1170 2028 est;
1217 1974 1356 2016 deinde
1379 1972 1572 2016 Nazareti
1598 1973 1665 2015 de-

121 2055 242 2100 gens,
285 2049 401 2099 atque
437 2042 527 2084 hinc
560 2043 609 2085 ad
634 2041 837 2085 lordanem
862 2044 1078 2095 accedens,
1121 2060 1144 2086 a
1171 2042 1319 2085 loanne
1348 2042 1593 2099 baptizatus,
1626 2049 1666 2083 et

123 2117 297 2155 tentatus
316 2124 341 2154 a
362 2109 553 2162 Diabolo,
597 2124 692 2153 vere
720 2111 794 2153 sibi
825 2112 1035 2169 discipulos
1061 2112 1248 2164 adscivit,
1292 2125 1338 2154 ac
1371 2112 1569 2153 coelorum
1603 2123 1665 2152 re-

123 2193 243 2237 gn-
261 2177 493 2222 denuntiare
517 2179 668 2234 coepit,
711 2181 1030 2235 quemadmodum
1055 2188 1096 2223 et
1115 2181 1193 2223 alia
1215 2180 1346 2222 omnia
1371 2195 1414 2222 re
1435 2180 1517 2237 ipsa
1533 2212 1544 2233 ,
1586 2193 1665 2221 non

122 2248 214 2292 not·
232 2248 420 2305 suscepit.
482 2244 602 2289 Velut
620 2261 707 2289 cum
728 2255 769 2290 et
785 2262 807 2290 a
826 2245 918 2291 luda
938 2249 1113 2305 proditus
1131 2257 1172 2291 et
1192 2263 1214 2291 a
1235 2247 1390 2291 ludaeis
1410 2248 1666 2304 comprehen-

122 2330 216 2370 aue,
246 2316 400 2360 oblatus
422 2314 564 2359 Pontio
589 2312 731 2367 Pilato,
763 2323 804 2358 et
825 2317 874 2358 ab
899 2330 948 2359 eo
969 2326 1095 2360 morte
1116 2318 1321 2360 damnatus
1346 2326 1462 2374 atque
1482 2318 1522 2359 in
1549 2329 1666 2358 cruce

124 2386 289 2430 anssxna
311 2393 387 2428 eat.
448 2383 618 2426 Perinde
652 2383 755 2425 bona
785 2390 826 2426 et
854 2384 946 2427 illud
970 2386 1044 2428 fide
1068 2386 1192 2438 dixit,
1234 2389 1354 2436 Sitia,
1388 2389 1474 2427 date
1495 2387 1589 2426 milui
1608 2385 1663 2425 ὑί-
1721 2404 1733 2432 ¹
1736 2412 1824 2434 ,,,,,

125 2455 233 2506 δαν,
281 2461 321 2497 et
353 2454 455 2510 quod
481 2452 650 2495 oblatum
683 2460 768 2494 erat
789 2460 942 2495 acetum
965 2468 1051 2496 cum
1082 2455 1170 2497 felle
1195 2456 1320 2512 cepit,
1364 2469 1409 2497 ac
1427 2452 1664 2509 degustavit,

125 2536 252 2580 neque
273 2522 476 2580 quicquam
512 2528 624 2578 potus
654 2521 818 2577 amplius
838 2522 1005 2564 admisit.
1070 2521 1149 2565 Sed
1174 2531 1214 2565 et
1236 2524 1375 2565 affixus
1394 2522 1499 2564 cruci
1524 2535 1667 2563 revera

125 2591 185 2636 aie
201 2590 453 2643 exclamavit,
486 2592 564 2639 Eli,
599 2592 676 2638 Eli,
709 2592 842 2630 lamma
865 2592 1075 2632 sabaceam‘:
1109 2592 1198 2634 inde
1211 2623 1221 2643 ,
1254 2601 1367 2645 capue
1388 2593 1574 2632 ιἰισίὺιαηε
1596 2606 1662 2630 eae-

125 2663 297 2716 aptium·
360 2658 465 2702 Tum
498 2658 672 2701 eiusdem
694 2671 836 2715 corpus
870 2672 965 2701 vere
990 2659 1037 2701 de
1059 2673 1178 2702 cruce
1201 2662 1440 2711 detractum,
1486 2658 1663 2701 manibus

127 2735 437 2781 contrectatum,
469 2741 491 2769 a
515 2725 679 2784 losepho
705 2726 834 2768 linteis
855 2726 1070 2770 involutum
1093 2734 1134 2770 et
1153 2728 1192 2769 in
1214 2735 1504 2770 monumentum
1526 2740 1668 2770 revera

129 2797 368 2855 depositum,
409 2796 471 2839 cui
496 2796 594 2852 lapis
623 2795 669 2837 ad
702 2796 995 2837 custodiendum
1026 2795 1217 2838 obductus
1242 2803 1319 2837 est.
1381 2793 1605 2850 Quinetiam
1630 2803 1670 2838 et

130 2865 178 2909 ad
199 2866 350 2908 inferos
379 2865 501 2921 ipsius
523 2864 706 2906 divinitas
730 2878 816 2906 eum
841 2864 969 2906 anima
992 2863 1216 2915 descendit,
1260 2877 1428 2920 eosque,
1462 2863 1526 2920 qui
1549 2864 1669 2907 vincti

130 2932 209 2976 illic
227 2933 515 2987 attinebantur,
557 2933 596 2975 vi
626 2947 697 2975 sua
727 2947 773 2974 ac
805 2933 976 2989 potentia
1008 2932 1211 2985 liberavit,
1258 2940 1336 2975 tum
1368 2932 1469 2975 idem
1496 2932 1558 2975 dei
1581 2939 1670 2975 ver·

130 3001 220 3045 bum
253 3016 338 3045 cnm
368 3001 497 3044 anima
531 3016 602 3044 sua
632 3001 879 3044 sanctissima
911 3015 1066 3044 sursum
1097 3015 1329 3057 emergens,
1362 3009 1403 3044 et
1428 3001 1670 3059 captivorum

176 3092 208 3127 8.
233 3092 494 3137 καθαιρούμενα,
515 3096 636 3136 placuit
658 3096 789 3129 Petcvit.
968 3092 1001 3128 9.
1027 3092 1124 3137 λόγος
1146 3095 1231 3127 obest
1251 3103 1273 3126 o
1295 3094 1362 3127 eod.
1389 3094 1517 3137 κλαίω.
