2020 3276
309 219 490 253 Faustin
515 219 598 252 Lm.
621 219 679 253 m.
709 219 818 253 Tou.
842 219 881 252 ΙΙ.
916 218 1069 252 ΕΧΡΟΒ.
1094 219 1181 253 ΕΊΙ).
1205 218 1397 252 CATRoL.
1542 208 1625 251 527

78 299 237 352 hm,
265 298 308 341 ἰι
330 295 492 342 Cbristo
514 296 606 341 lesu
625 298 781 341 domino
807 306 966 350 nostro,
1013 311 1082 355 per
1104 312 1244 355 quem,
1287 306 1324 339 et
1350 312 1516 354 quocum
1539 297 1624 354 gio·

77 367 140 412 riu
166 367 293 425 patri,
322 381 410 410 cum
440 366 581 424 spiritu
609 374 747 409 saneto
779 366 817 408 iu
847 366 1029 416 saecula,
1063 368 1209 408 Amen.

187 433 396 478 Hactenus
434 435 554 491 igitur
582 449 772 491 quaenam
806 441 915 477 esset
952 435 1067 476 nnius
1103 441 1143 476 et
1178 434 1395 478 catholicae
1434 434 1626 477 ecclcsiae

74 503 199 556 flu,
239 504 452 561 simplicis,
495 503 678 560 iuquam,
710 503 813 545 iilius
835 510 876 544 et
898 503 1120 545 innocentis
1147 503 1366 556 columbae,
1395 517 1491 557 quae
1513 506 1625 544 anaba

76 579 137 614 nt
154 574 240 614 τόν
257 586 350 622 sau,
383 573 438 615 nti
460 572 647 628 scriptum
674 578 759 623 est,
805 574 886 612 Una
907 580 965 611 est
982 572 1153 611 columba
1172 586 1275 621 πται,-
1317 586 1391 614 uec
1413 586 1491 613 non
1515 578 1556 613 et
1577 572 1625 613 de

74 638 240 684 biniu-
269 640 598 691 adoiescentuiis,
641 653 804 695 quarum
838 640 927 682 iniri
950 653 1136 681 numerus
1163 654 1240 680 non
1268 646 1422 696 potest,
1464 654 1538 695 qua
1558 654 1625 695 po-

77 708 221 752 tuimus
238 707 431 751 brevitate
453 708 750 765 disputavimus,
794 707 1048 763 inprimisque
1069 708 1116 749 de
1137 708 1274 749 eadem
1295 708 1414 765 patris
1433 715 1472 750 et
1491 707 1559 749 filii
1579 722 1625 750 ac

76 775 238 835 spiritus
268 777 396 820 sancti
427 776 668 827 substantia,
723 776 847 831 deque
882 777 1055 832 perfecta
1086 772 1235 818 Christi
1267 775 1412 818 domini
1444 777 1625 818 iucarna-

76 841 187 888 ὅσα
212 858 262 887 ae
293 844 454 902 reliquis
495 844 582 886 fidei
616 843 823 900 capitibus.
882 843 1003 886 Nunc
1038 845 1087 885 de
1109 844 1284 886 eiusdem
1317 844 1510 886 ecciesiae
1533 858 1624 886 san-

74 912 273 962 dudam
309 928 358 955 ac
398 913 552 969 iegibus
594 926 716 969 pauca
762 911 854 954 mibi
891 926 1056 955 necesse
1086 919 1171 964 est,
1227 914 1352 969 deque
1396 913 1619 956 earumdem

76 982 203 1024 furna
225 981 358 1038 aliqua
379 982 519 1023 saitem
540 995 595 1023 ex
626 987 736 1036 parte
767 980 973 1037 persequi,
1014 994 1282 1037 quaecumque
1314 981 1495 1023 nimirum
1534 996 1622 1038 pro·

74 1049 162 1107 pria
181 1048 275 1093 alim
307 1050 349 1092 in
378 1050 462 1107 ipsa
486 1056 646 1091 servata
676 1055 792 1101 sunt,
833 1055 875 1091 et
903 1049 1094 1105 hodieque
1126 1057 1364 1102 servantur,
1405 1050 1543 1106 partim
1570 1064 1622 1092 ex

74 1125 310 1176 praecepto,
352 1118 491 1175 partim
528 1130 581 1159 ex
620 1117 845 1159 inductione
877 1118 1020 1170 animi,
1073 1118 1147 1161 deo
1178 1132 1230 1160 cx
1264 1117 1493 1174 disciplinae
1525 1132 1622 1160 suae

76 1184 223 1229 virtute
259 1186 426 1228 [ructum
466 1186 659 1242 quendam
693 1185 1008 1242 voluptatemque
1044 1186 1237 1242 capiente.
1309 1184 1622 1228 Fundamentum

73 1254 219 1311 ὶςίιυ,
259 1268 307 1296 ac
331 1255 438 1296 velut
462 1254 623 1310 crepido
653 1254 876 1309 quaedam
866 1269 905 1296 ιιι
927 1254 1099 1297 ecclesia
1123 1254 1331 1311 virginitas
1353 1261 1438 1307 est,
1479 1269 1580 1311 quae
1599 1269 1623 1297 a

73 1322 273 1379 plerisque
296 1322 439 1365 colitur
461 1329 503 1364 et
524 1322 781 1374 observatur,
814 1329 855 1364 et
877 1323 917 1364 in
942 1323 1083 1365 illustri
1106 1325 1270 1379 quadam
1290 1323 1418 1379 gioria
1440 1337 1486 1365 ac
1510 1337 1624 1380 prae-

74 1389 272 1434 ὸίοιιὶοιιο
301 1397 500 1433 versatur.
574 1389 853 1446 Virginitatem
886 1391 1063 1434 solitaria
1096 1391 1175 1434 vita
1213 1392 1393 1448 proxime
1427 1392 1622 1448 sequitur,

74 1473 191 1516 qum
220 1459 263 1501 iu
294 1458 492 1515 plerisque
529 1473 653 1501 sexus
687 1459 887 1514 utriusque
917 1459 1117 1502 monacbis
1143 1460 1336 1502 videmus.
1397 1458 1623 1503 Secundum

72 1527 176 1570 bane
199 1525 444 1570 coutinentia
466 1527 515 1568 ad
537 1526 638 1569 idem
663 1527 817 1584 pietatis
842 1528 1077 1570 curriculum
1102 1529 1260 1571 fundata
1280 1536 1343 1570 est
1365 1542 1412 1571 ac
1433 1528 1619 1571 stabilita.

70 1593 231 1640 Deinde
251 1595 422 1638 viduitas
439 1609 527 1638 cum
549 1595 724 1652 diligenti
745 1603 972 1652 attentaqne
992 1596 1175 1639 cautione
1196 1604 1238 1640 et
1258 1603 1366 1639 casta
1388 1597 1621 1653 sinceraque

73 1664 179 1710 vitae
198 1664 355 1707 ratione
377 1664 603 1706 coniuncta.
664 1662 762 1706 Post
795 1666 940 1720 gradus
972 1665 1060 1707 ilios
1085 1672 1126 1707 ct
1147 1665 1307 1708 ordines
1331 1680 1443 1708 suum
1468 1679 1622 1721 quoque

70 1731 201 1776 beu-
221 1732 400 1775 obtinent
421 1732 612 1775 honestae
634 1732 815 1788 nuptiae,
849 1747 949 1788 quae
973 1748 1116 1789 magno
1137 1734 1175 1776 in
1198 1734 1347 1776 honore
1369 1741 1477 1785 sunt,
1511 1747 1622 1790 prae·

71 1800 212 1845 satti-
231 1800 455 1856 singulam
480 1815 528 1843 ac
550 1800 708 1843 minime
730 1801 920 1857 repetitae
936 1834 948 1854 ,
989 1816 1090 1858 quae
1113 1810 1409 1859 praeceptorum
1435 1802 1623 1845 observa-

74 1868 176 1912 tioni
196 1869 372 1912 student.
434 1867 552 1924 Quod
573 1870 607 1911 si
631 1869 719 1925 quis
741 1877 894 1911 mortua
918 1884 1069 1922 uxore,
1110 1871 1174 1913 vei
1195 1871 1335 1913 mulier
1355 1877 1509 1913 mortuo
1534 1871 1621 1912 viro

73 1935 115 1979 id
137 1936 332 1989 vohun,
362 1937 528 1980 alterum
551 1938 677 1980 virum
699 1951 933 1992 uxoremve,
967 1939 1159 1982 duntaxat
1175 1948 1263 1996 post
1286 1939 1514 1982 alterutrius
1538 1939 1621 1981 obi—

74 2011 181 2059 tum,
220 2004 295 2048 sibi
326 2005 550 2048 adsciscere
583 2006 690 2048 iicet.
753 2005 903 2049 florum
935 2008 1107 2050 omnium
1131 2008 1239 2050 velut
1266 2009 1488 2065 fastigium,
1520 2015 1561 2050 et
1581 2014 1622 2050 ut

70 2073 128 2116 ita
148 2073 274 2117 dicam
288 2105 302 2126 ,
342 2073 478 2116 matris
500 2088 547 2116 ac
565 2074 769 2130 genitricis
789 2075 916 2118 iocum
939 2083 1118 2119 sanctum
1153 2076 1228 2119 sibi
1248 2077 1512 2119 sacerdotium
1537 2076 1621 2119 viu·

73 2141 204 2195 dicat,
246 2141 349 2198 quod
379 2155 434 2184 ex
459 2141 654 2198 virginum
681 2143 819 2186 ordine
842 2144 1050 2201 praecipue
1075 2152 1256 2198 constat,
1295 2153 1363 2187 aut
1386 2146 1419 2188 si
1446 2146 1575 2188 minus
1597 2160 1620 2188 e

73 2209 295 2267 virginibus
326 2217 435 2253 certe
466 2222 519 2252 cx
550 2210 774 2263 monacbis,
817 2219 887 2254 aut
909 2213 984 2255 nisi
1010 2227 1064 2256 ex
1096 2213 1376 2256 monachorum
1405 2214 1542 2256 ordine
1571 2215 1621 2256 ad

70 2277 180 2322 iiiam
214 2277 453 2321 functionem
489 2277 706 2322 obeundam
741 2279 870 2322 idonei
900 2282 1077 2338 cooptari
1108 2282 1282 2339 possint,
1324 2297 1378 2325 ex
1407 2282 1467 2324 bis
1492 2284 1621 2325 creari

73 2346 303 2391 sacerdotes
326 2346 479 2398 solent,
522 2346 587 2403 qui
613 2361 636 2389 a
659 2347 742 2391 suis
766 2361 811 2390 sc
837 2349 1029 2392 uxoribus
1053 2350 1280 2403 continent,
1314 2358 1381 2393 aut
1405 2351 1619 2394 secundum

73 2429 173 2460 uuas
204 2413 359 2472 nuptias
380 2415 419 2456 in
446 2413 632 2457 viduitate
653 2422 878 2459 versantur.
940 2415 1136 2461 Secundis
1166 2432 1263 2461 vero
1288 2419 1431 2477 nuptiis
1456 2418 1619 2477 implici-

74 2490 138 2528 tus
158 2483 200 2527 in
221 2482 392 2527 ecelesia
426 2483 472 2525 ad
505 2483 767 2526 sacerdotium
802 2499 880 2527 non
907 2486 1146 2539 admittitur,
1188 2488 1342 2530 tametsi
1365 2495 1432 2530 aut
1457 2502 1547 2530 sese
1571 2488 1619 2530 ab

73 2565 205 2596 uxore
225 2552 447 2604 contineat,
494 2559 559 2594 aut
592 2552 644 2594 sit
669 2553 828 2606 viduus,
875 2553 1090 2607 eiusmodi,
1132 2555 1311 2612 inquam,
1355 2556 1403 2598 ab
1427 2555 1616 2613 episcopi,

72 2619 319 2679 ’adyta-i,
364 2620 518 2663 diaconi
550 2628 589 2663 et
616 2619 843 2663 subdiaconi
874 2621 997 2677 gradu
1036 2623 1226 2666 reiicitur.
1290 2621 1514 2667 Secundum
1546 2624 1617 2667 iios

73 2688 220 2746 gradus
247 2689 438 2732 lectorum
471 2689 567 2731 ordo
592 2702 643 2731 ex
670 2688 850 2731 omnibus
875 2689 1077 2734 ordinibus
1102 2691 1192 2747 eligi
1219 2699 1370 2749 potest,
1415 2693 1489 2735 hoc
1509 2699 1572 2735 est
1595 2707 1618 2735 e

74 2756 315 2814 virginibus,
349 2758 549 2800 monacbis
563 2789 574 2809 ,
615 2756 930 2809 continentibus,
975 2758 1102 2801 viduis
1124 2766 1163 2801 et
1184 2760 1232 2802 iis
1252 2760 1316 2815 qui
1339 2760 1516 2803 honestis
1537 2775 1618 2805 ma·

75 2825 269 2869 trimouiis
291 2825 505 2883 illigantur.
568 2824 668 2878 imo,
701 2825 735 2868 si
757 2826 974 2868 necessitas
996 2826 1144 2880 tulerit,
1174 2841 1227 2870 ex
1251 2827 1327 2870 iilis
1350 2828 1467 2871 etiam
1490 2830 1618 2873 adsci-

74 2900 238 2936 scuntur
267 2894 331 2950 qui
362 2903 450 2952 post
482 2894 622 2951 prioris
659 2894 797 2936 uxoris
828 2893 973 2936 obitum
1003 2909 1089 2937 cum
1115 2895 1236 2938 altera
1264 2910 1354 2939 sese
1380 2897 1616 2954 copularint.

75 2958 230 3019 Quippe
262 2961 386 3005 lector
422 2977 499 3004 non
534 2962 723 3005 sacerdos
756 2968 839 3014 est,
883 2962 951 3004 sed
978 2970 1158 3020 tanquam
1189 2963 1309 3007 divini
1331 2965 1440 3007 verbi
1467 2966 1614 3009 scriba.

76 3027 133 3071 At
153 3029 396 3073 diaconissae
416 3031 462 3072 ad
488 3030 589 3073 hunc
610 3045 726 3072 unum
749 3044 859 3073 usum
885 3030 1142 3085 adhibentur,
1175 3039 1217 3075 ut
1239 3033 1441 3076 mulierum
1460 3034 1617 3078 decoris

1685 447 1765 489 Cap.

1682 491 1767 525 XX.
