2020 3276
438 184 622 248 husun
645 214 730 247 Lm.
746 214 804 247 m.
828 213 939 247 rom.
956 214 998 248 n.
1017 212 1152 247 natu.
1175 212 1351 246 Lxxvn.
1588 202 1673 244 357

129 291 470 336 utta-ducaret
499 307 545 337 ac
575 293 749 346 biberet,
791 307 864 335 nee
888 308 965 334 non
988 293 1246 349 fatigaretur,
1288 306 1333 334 ac
1352 297 1598 343 moreretur,
1629 290 1671 332 in

49 410 53 414 ,
126 359 235 404 filie
259 367 391 404 tanen
417 361 580 405 verbum
604 362 728 419 ipsum
756 362 999 414 comedisse,
1043 361 1268 412 laborasse,
1314 367 1479 402 mortem
1503 358 1671 415 denique

123 427 294 473 ffiiiese
325 430 490 483 dieitur,
533 431 608 474 nisi
638 431 677 473 in
706 444 759 473 eo
781 430 868 473 solo
897 443 1010 486 quem
1031 428 1163 471 Maria
1187 429 1302 486 virgo
1322 428 1496 486 peperit?
1554 426 1670 482 Quae

104 497 406 556 eat-eorpus
434 499 558 556 ipsum
593 513 821 556 perpessum
853 505 935 551 est,
977 498 1073 539 baec
1105 498 1159 539 illi
1183 498 1344 554 perinde
1377 511 1423 538 ac
1452 496 1485 539 si
1512 510 1668 552 passum

122 572 230 610 utut
262 565 500 610 tribuuntur.
560 565 688 610 Porro
726 582 813 609 cum
845 567 892 609 de
925 566 1071 609 ceteris
1104 580 1222 607 unum
1244 566 1336 607 iilud
1362 564 1499 607 iactari
1523 564 1666 616 soleat,

121 634 332 691 productos
361 634 450 678 illos
481 649 530 678 ao
561 635 717 692 genitos
750 636 897 688 fuisse,
938 636 986 677 de
1010 635 1097 677 soto
1121 633 1277 677 Mariae
1302 633 1381 675 titio
1406 633 1572 686 dicitur,
1614 634 1670 674 Et

115 704 273 745 ’aba
301 717 394 745 earo
409 706 563 760 sactum
591 712 662 745 ese.

233 770 300 815 Ex
331 772 470 829 quibus
501 772 706 814 evidenter
734 772 975 823 ostenditur,
1023 786 1109 814 cum
1141 771 1181 812 in
1215 770 1388 826 reliquos
1423 769 1662 812 vaticinandi

118 839 245 884 uh-
273 840 401 897 gratia
424 855 516 884 sese
536 842 598 883 dei
619 841 782 883 verbum
805 841 1016 893 infuderit,
1061 839 1163 881 idem
1186 839 1311 895 ipsum
1345 852 1367 880 e
1388 836 1520 880 Maria
1544 851 1662 880 carne

117 915 300 967 ”copta
329 909 524 952 bominem
554 910 762 967 prodiisse.
824 907 903 964 Qui
926 916 967 951 et
995 915 1135 951 natura
1159 907 1455 963 substantiaque
1485 907 1546 948 dei
1573 920 1665 948 ver-

117 977 208 1021 bn-
230 985 340 1031 erat,
371 985 435 1031 et,
467 979 569 1035 quod
594 979 642 1020 ad
663 993 821 1021 carnem
845 978 1010 1030 attinet,
1053 991 1075 1019 e
1100 975 1263 1019 Davidis
1285 976 1407 1031 stirpe
1429 973 1663 1031 Mariaeqne

117 1060 238 1090 carne
255 1053 372 1090 natus
394 1053 455 1089 est
476 1047 616 1100 bomo,
649 1047 970 1103 quemadmodum
1002 1046 1176 1088 declarat
1205 1045 1422 1102 apostolus.
1485 1043 1601 1086 Hunc
1623 1044 1663 1086 in

120 1113 331 1168 leudone,¹
354 1122 471 1172 atque
501 1115 543 1157 in
580 1123 712 1158 monte
744 1123 856 1173 pater
887 1112 1172 1158 demonstravit
1206 1114 1267 1156 bis
1302 1114 1461 1166 verbis,
1504 1116 1578 1154 Hie
1604 1121 1665 1154 est

111 1185 222 1238 filiun
254 1194 358 1226 aena
386 1186 570 1235 dilectus,
611 1188 650 1226 in
675 1199 749 1239 quo
779 1187 877 1225 milti
898 1187 1118 1239 complacui.
1181 1182 1298 1225 Hunc
1322 1181 1464 1225 Ariani
1494 1188 1657 1238 negant,

114 1265 189 1296 nos
210 1253 422 1296 adorantes
449 1253 714 1310 agnoscimus.
773 1252 917 1310 Neque
950 1253 1068 1295 filium
1100 1266 1123 1293 a
1147 1252 1271 1294 verbo
1297 1264 1548 1308 separamus,
1589 1251 1661 1293 sed

113 1320 276 1365 verbum
309 1321 434 1377 ipsum
468 1321 586 1364 fliium
617 1335 706 1364 esse
737 1322 970 1364 confitemur
1001 1335 1071 1378 per
1102 1335 1215 1378 quem
1250 1321 1380 1362 omnia
1413 1321 1517 1362 facta
1548 1326 1656 1372 sunt,

113 1400 266 1447 nosque
294 1390 393 1433 adeo
423 1391 496 1447 ipsi
529 1390 698 1432 liberati.
758 1389 873 1433 Unde
902 1390 995 1432 iliud
1028 1403 1266 1446 magnopere
1299 1388 1476 1431 demirati
1503 1401 1656 1441 sumus,

112 1459 309 1515 quo-odo
332 1459 396 1502 vet
419 1458 617 1501 levissima
638 1459 743 1501 inter
768 1473 841 1500 nos
864 1472 912 1501 ea
935 1459 982 1501 de
1005 1473 1050 1501 re
1073 1458 1347 1501 controversia
1374 1457 1524 1499 moveri
1546 1463 1658 1513 potu-

110 1525 202 1569 erit.
261 1524 411 1570 Verum
446 1527 648 1570 habendae
684 1528 758 1570 deo
790 1527 939 1584 gratiae
966 1535 1059 1569 sunt
1086 1527 1188 1584 quod
1214 1533 1399 1583 quantum
1425 1540 1478 1567 ex
1500 1525 1657 1567 iliorum

109 1595 479 1638 commentariorum
515 1597 684 1638 lectione
716 1596 909 1639 moeroris
931 1595 1125 1651 cepimus,
1172 1602 1320 1637 tantum
1358 1593 1471 1636 uobis
1500 1607 1657 1636 eorum-

108 1663 199 1707 den
214 1663 302 1707 finis
320 1664 530 1722 voluptatis
550 1665 738 1707 attulerit.
794 1663 995 1721 Siquidem
1015 1672 1148 1707 mutua
1167 1679 1253 1706 cum
1274 1662 1485 1705 concordia
1508 1662 1657 1705 disces·

107 1739 270 1785 serunt,
302 1733 542 1790 eandemque
562 1734 649 1775 tidei
671 1733 937 1776 sinceritatem
959 1748 1005 1776 ac
1027 1734 1210 1790 pietatem
1234 1732 1401 1789 professi
1428 1746 1563 1788 pacem
1590 1746 1655 1774 re·

107 1798 324 1844 &ner-nt.
385 1799 499 1856 Quae
530 1815 592 1844 me
614 1816 679 1844 res
706 1801 947 1859 potissimum
971 1810 1061 1859 post
1083 1802 1304 1844 diuturnam
1330 1801 1653 1843 deliberationem

106 1867 257 1926 inp-tit
288 1876 331 1912 ut
361 1869 457 1912 baec
492 1884 615 1927 panca
649 1871 951 1927 perscriberem.
1015 1869 1196 1912 Verebar
1228 1870 1332 1912 euim
1359 1884 1410 1911 ne
1440 1870 1504 1926 qui
1538 1869 1652 1912 nobis

106 1936 299 1991 gaudendi
336 1937 537 1980 materiam
574 1939 836 1981 consensione
866 1953 937 1981 sua
973 1939 1246 1996 praebuissent
1275 1939 1323 1980 iis
1353 1938 1550 1980 silentium
1580 1953 1652 1980 no-

106 2009 230 2046 strum
259 2018 330 2062 pro
358 2005 505 2048 laetitia
542 2007 716 2049 dolorem
761 2009 1041 2051 conscisceret.
1115 2006 1379 2064 Quamobrem
1421 2022 1508 2048 cum
1548 2021 1569 2049 a
1610 2014 1650 2049 te

106 2071 225 2115 etia-
245 2079 362 2130 atque
381 2073 496 2116 etiam
521 2076 696 2131 postulo,
741 2083 820 2118 tum
850 2091 920 2119 eos
943 2077 1007 2133 qui
1031 2076 1127 2119 baec
1149 2076 1308 2118 audient
1328 2083 1489 2132 rogatos
1516 2076 1650 2117 admo-

106 2139 195 2183 dum
215 2141 330 2198 cupio
353 2149 395 2184 nt
420 2155 464 2184 ea
487 2142 643 2193 sincera
665 2158 750 2186 cum
775 2145 1016 2187 conscientia
1045 2145 1287 2202 percipiant,
1320 2159 1388 2195 ac,
1428 2144 1462 2185 si
1489 2144 1580 2200 quid
1600 2144 1649 2185 ad

103 2207 287 2266 pietate·
314 2210 448 2262 deest,
491 2211 701 2254 emendare
728 2225 773 2254 ac
798 2213 1019 2269 significare
1044 2213 1135 2255 mibi
1161 2228 1210 2256 ue
1237 2220 1468 2269 graventur.
1531 2211 1648 2267 Quod

103 2276 137 2320 si
158 2277 288 2321 miuus
319 2292 390 2335 pro
410 2279 467 2321 rei
498 2279 686 2335 dignitate
721 2282 916 2337 perfecta,
957 2289 1091 2339 utpote
1113 2282 1220 2324 rudis
1243 2290 1359 2339 atque
1383 2280 1552 2337 imperiti
1576 2280 1646 2322 bo-

103 2345 219 2389 minis
240 2346 422 2390 videatur
443 2347 586 2399 oratio,
620 2348 784 2405 idipsum
807 2349 995 2392 infantiae
1014 2350 1347 2407 imbecillitatique
1369 2356 1528 2391 nostrae
1551 2362 1646 2390 con·

102 2413 320 2458 donandum
350 2416 592 2459 existiment.
653 2415 810 2459 Valete.

494 2507 733 2542 HACTENUS
759 2508 1001 2544 Ammasn
1023 2509 1248 2544 ErisToLA.

211 2618 312 2665 Cam
335 2621 455 2679 igitur
477 2622 573 2665 baec
596 2636 618 2664 a
639 2621 752 2665 uobis
776 2623 961 2679 producta
982 2623 1034 2666 sit
1057 2623 1222 2680 epistola
1236 2654 1248 2675 ,
1281 2636 1327 2665 ac
1350 2636 1428 2664 non
1451 2620 1566 2663 modo
1586 2634 1640 2664 ex

146 2734 199 2770 11.
223 2727 292 2779 ἄρα
312 2737 403 2771 codd.
427 2746 500 2771 mss.
895 2734 974 2776 τοὺς
1004 2734 1091 2781 μετὰ
1118 2737 1178 2772 σοῦ
1211 2732 1391 2779 ἀδελφούς.
1436 2732 1489 2770 Σὲ
1520 2734 1552 2769 οἱ
1581 2732 1642 2771 οὖν

146 2780 200 2814 12.
221 2781 330 2816 ταῦτα
353 2780 394 2817 ἐκ
415 2782 480 2825 τῆς
503 2784 539 2816 Β.
894 2778 977 2826 ἡμῖν
1003 2780 1123 2823 πάντες
1148 2779 1457 2835 φομχορεύσυσιν.
1509 2776 1641 2824 Ἔρρω-

146 2824 196 2860 13.
222 2827 321 2860 Verte
343 2825 383 2863 ex
414 2828 479 2872 τῆς
509 2830 622 2862 absunt
644 2838 665 2861 a
684 2829 752 2862 eod.
772 2838 844 2862 msa.
892 2826 1002 2871 μένως
1029 2823 1068 2864 fl
1212 2826 1370 2871 θιαγοις,
1404 2822 1560 2871 &oiim-rs
1581 2824 1641 2862 καὶ

100 2874 130 2905 d
149 2872 223 2905 edit.
245 2875 346 2913 princ.
891 2869 1035 2916 άληθῶς
1190 2881 1281 2908 τιτι.
1306 2874 1340 2906 Β.

146 2914 197 2950 14.
221 2916 281 2961 μέν
298 2928 332 2953 τι
349 2917 434 2962 πρὸς
457 2921 492 2953 Β.
515 2920 612 2953 Recte.
639 2921 673 2954 ln
705 2921 844 2962 Epipho-
941 2918 989 2954 t7.
1023 2919 1090 2952 Hoc
1238 2919 1301 2952 citt
1328 2920 1362 2951 in
1389 2921 1518 2960 neroque
1546 2918 1637 2952 eada.

98 2962 145 2996 att
166 2963 254 2996 tibris
275 2965 370 3005 vulno
397 2966 529 2998 incisum
552 2969 622 3006 post
644 2966 754 3000 τοῦτο.
889 2974 963 2998 mss.
983 2963 1078 2997 rubro
1111 2965 1176 3006 adp
1190 2968 1274 2998 ctum
1293 2967 1359 3006 eal,
1389 2964 1517 3006 perinde
1546 2967 1639 3006 atque

146 3007 197 3041 15.
221 3005 269 3051 μή
293 3005 368 3043 κατ’
392 3005 444 3051 α’ξ.
468 3012 503 3043 Β.
888 3011 968 3042 uiua
989 3007 1222 3055 Πεπλήρωται
1242 3011 1449 3052 munuum
1476 3010 1559 3053 quod
1589 3018 1637 3043 se-

143 3050 196 3088 ¹6.
218 3049 389 3102 ἀσθενείᾳ.
449 3053 686 3102 Προςαγόρενι
719 3055 845 3096 πάντας
889 3058 1003 3097 quitur.

1718 799 1815 854 xiii.

1699 1105 1816 1134 Matth.

1714 1140 1732 1168 s
1740 1161 1751 1176 ,
1773 1141 1814 1169 ιτ.

1704 2623 1748 2658 ca
1754 2637 1789 2667 p.

1694 2670 1789 2706 XIV.
