2020 3276
411 214 596 249 numu
621 215 704 248 Lm.
729 215 788 248 111.
810 216 921 250 ToM.
943 216 984 249 11.
1007 215 1142 249 HAER.
1163 216 1341 250 Lxxvn.
1565 205 1644 247 351

104 294 325 362 *ab
354 308 512 338 carnem
545 301 585 336 et
613 295 707 337 ossa
747 301 935 336 mutatum
978 309 1067 338 esse
1110 296 1303 338 affirmare
1338 309 1415 337 non
1456 293 1646 336 dubitant.

94 350 371 476 -menin
392 362 514 415 dixit,
547 365 858 415 Quemadmodum
878 378 937 404 me
958 378 1108 404 carnem
1134 372 1174 404 et
1192 379 1278 405 ossa
1299 367 1431 405 miletis
1451 378 1546 412 esse,
1578 363 1646 404 sed

183 435 185 437 ’
250 461 264 482 ,
295 445 346 474 ne
372 431 542 474 sortasse
565 431 726 473 verbum
748 430 875 487 ipsum
901 432 940 472 in
964 431 1181 474 istiusmodi
1208 446 1443 475 conversum
1470 445 1559 473 esse
1579 445 1649 487 pu-

100 506 274 552 bem,
315 499 385 542 sod
410 506 520 542 ntea
544 499 737 542 duntaxat
764 506 802 541 et
824 507 916 541 ante
947 506 1112 541 mortem
1142 508 1181 542 et
1202 507 1291 556 post
1318 499 1648 542 resurrectionem

100 566 288 612 fluisse
316 568 517 611 credatur.

203 634 290 679 flia
313 637 362 679 ad
386 650 476 678 eum
503 636 657 678 modum
683 635 945 692 comprobatis
969 636 1016 678 de
1037 635 1126 677 aliis
1151 636 1281 677 dicere
1307 649 1641 692 supervacaneum
1677 636 1756 679 081)-
1772 636 1818 670 Χ-

100 710 188 758 02,
221 712 292 748 ant
309 704 461 761 agitare
485 705 733 761 disputando.
792 702 896 746 Nam
923 719 1010 745 cum
1041 718 1181 760 corpus
1208 705 1246 746 in
1273 719 1350 760 qno
1378 705 1539 746 verbum
1567 705 1650 746 ine—

101 781 167 818 rnss
194 771 390 816 divinitati
423 773 756 814 consubstantiale
779 773 937 814 minime
971 773 1114 824 fuerit,
1157 773 1226 815 sed
1257 786 1311 814 ex
1335 771 1464 814 Maria
1499 773 1650 830 virgine

101 853 246 886 mern
267 847 425 893 natum,
456 855 622 897 cumque
653 841 814 883 verbum
846 841 971 898 ipsum
1003 855 1081 882 non
1111 842 1151 883 in
1182 855 1275 882 ossa
1302 855 1538 898 carnemque
1567 856 1651 883 mu-

101 915 224 954 tatum
248 910 324 952 sit:
365 910 501 952 sedin
531 923 650 951 carne
681 909 890 952 resederit.
952 907 1066 964 Quod
1099 909 1202 951 enim
1236 923 1260 951 a
1286 907 1432 951 Ioanne
1461 910 1647 966 scriptum

100 985 188 1032 ont,
221 979 380 1021 Ver-tun
399 993 491 1019 earo
507 979 652 1032 sactum
673 986 750 1026 eet,
797 977 899 1019 hunc
928 977 1044 1020 babet
1068 992 1251 1030 sensum,
1298 986 1340 1020 ut
1366 993 1418 1020 ex
1444 979 1560 1020 simili
1591 979 1674 1022 lo-¹
1677 989 1764 1010 ⁰⁰⁰⁰⁰
1773 981 1851 1018 ¹2¹⁴·

101 1046 246 1103 qumi
264 1047 419 1090 ratione
442 1046 572 1102 colligi
595 1053 739 1103 potest.
803 1044 878 1088 Est
906 1046 1010 1088 enim
1033 1061 1054 1088 a
1079 1045 1202 1089 Paulo
1227 1047 1437 1103 scriptum,
1471 1049 1644 1089 Chmtstus
1663 1055 1733 1083 θαι
1750 1055 1778 1089 3,
1794 1056 1835 1084 15·

97 1129 174 1170 pn
200 1116 310 1158 nobo
328 1116 458 1170 βείω
486 1123 547 1155 est
573 1117 824 1156 maledictum.
888 1113 940 1158 Ut
972 1115 1093 1170 igitur
1129 1115 1375 1158 maledictum
1402 1115 1466 1157 ille
1494 1117 1649 1172 proprie

103 1197 183 1226 non
206 1183 301 1236 fnit,
344 1184 414 1226 sed
437 1183 526 1225 ideo
549 1182 671 1225 fuisse
690 1183 854 1236 dicitur,
899 1183 1000 1239 quod
1027 1183 1119 1225 illud
1143 1191 1277 1226 nostra
1288 1196 1439 1226 ‘caussa
1463 1198 1648 1241 suscepe-

102 1250 179 1304 rit,
207 1250 268 1293 sic
287 1258 330 1293 ot.
349 1265 440 1293 cero
455 1253 600 1305 sactum
625 1260 702 1301 est,
738 1266 815 1294 non
840 1252 942 1307 quod
963 1252 1001 1293 in
1028 1265 1187 1294 carnem
1212 1260 1489 1294 commutatum
1514 1254 1646 1306 fuerit,

102 1320 174 1363 nod
198 1320 300 1376 qnod
325 1333 484 1362 carnem
521 1333 590 1375 pro
618 1320 732 1362 nobis
760 1320 1042 1376 assumpserit,
1082 1329 1121 1361 et
1146 1323 1254 1362 homo
1275 1323 1403 1375 sactus
1425 1325 1490 1362 sit.
1553 1320 1648 1364 Ete-

102 1387 187 1431 εἰ·
215 1387 291 1431 boc
317 1387 467 1444 ipsum,
510 1389 669 1429 Verbum
698 1403 789 1429 earo
810 1390 963 1442 sactum
993 1397 1074 1437 est,
1109 1390 1272 1431 eandem
1296 1389 1373 1431 vim
1407 1390 1522 1431 habet
1545 1405 1590 1432 ac
1612 1391 1647 1432 si

102 1455 326 1508 dmm,
357 1455 488 1498 Homo
515 1457 656 1499 factum
683 1464 760 1499 est.
823 1454 1053 1499 Cuiusmodi
1083 1464 1145 1499 est
1170 1457 1261 1499 illud
1292 1473 1314 1499 a
1340 1456 1448 1500 loe‘le
1477 1458 1646 1501 dictum:

101 1525 310 1582 Μ
328 1527 375 1566 de
393 1528 534 1579 spirim
553 1540 633 1565 meo
653 1539 770 1579 snper
792 1540 931 1566 omnem
953 1540 1118 1566 carnem.
1181 1524 1296 1581 Quae
1321 1526 1476 1582 quidem
1500 1528 1648 1570 denuu-
1667 1528 1732 1558 ¹⁰⁰¹
1747 1529 1776 1564 ²·
1793 1530 1836 1558 ²⁸·

101 1593 215 1637 tintio
242 1607 289 1636 ao
319 1593 528 1650 promissio
559 1607 635 1635 non
667 1594 714 1635 ad
740 1594 934 1650 pecudes,
968 1595 1036 1635 sed
1065 1594 1111 1635 ad
1136 1594 1313 1636 homines
1337 1595 1522 1652 pertinet,
1554 1611 1650 1651 quo-

100 1675 189 1705 rn-
205 1661 332 1719 gratia
361 1662 540 1704 dominus
562 1668 624 1703 est
643 1662 758 1704 homo
783 1663 924 1704 sactus.
987 1660 1102 1716 Quae
1129 1677 1216 1704 cum
1241 1663 1292 1704 ita
1317 1663 1418 1717 sint,
1451 1677 1576 1720 eaque
1597 1664 1650 1706 sit

101 1729 313 1778 uerborum
347 1730 503 1773 illorum
535 1731 756 1782 sententia,
797 1731 860 1772 vel
887 1730 1041 1786 seipsos
1065 1731 1150 1773 iure
1189 1731 1504 1774 condemnabunt
1529 1732 1555 1774 ii
1583 1732 1649 1789 qni

99 1795 232 1846 flurin
249 1798 419 1856 priorem
441 1812 532 1841 esse
552 1813 711 1840 carnem
733 1799 837 1841 illam
862 1799 1107 1851 existimant,
1140 1813 1240 1855 quae
1268 1801 1316 1842 de
1338 1799 1468 1843 Maria
1494 1809 1647 1858 sumpta

99 1866 176 1920 nit,
218 1874 261 1910 et
277 1873 370 1911 onte
392 1867 496 1909 illam
520 1867 686 1910 bumana
710 1868 923 1924 praeditum
956 1868 1085 1910 anima
1110 1868 1230 1910 ruisse
1253 1869 1414 1911 verbum
1429 1901 1441 1921 ,
1482 1883 1647 1926 eamque

100 1940 311 1992 umqum
339 1935 414 1977 buc
445 1935 651 1978 adveniret
684 1936 884 1978 babuisse.
946 1934 1026 1979 Sed
1060 1943 1102 1978 et
1131 1936 1185 1979 illi
1217 1937 1355 1993 nugari
1380 1939 1560 1981 desinent
1580 1939 1645 1995 qui

101 2016 261 2047 cernon
283 2003 422 2046 nortis
455 2016 546 2046 esso
567 2018 749 2060 capacem
776 2011 942 2060 negant,
977 2011 1018 2046 et
1041 2006 1088 2047 ad
1114 2004 1346 2048 immortalis
1373 2013 1536 2049 naturae
1558 2021 1646 2050 sor-

101 2078 180 2115 tem
209 2071 550 2127 conditionemque
581 2072 861 2115 transcribunt.
921 2071 1026 2115 Nam
1062 2074 1097 2116 si
1123 2082 1300 2117 mortuns
1329 2089 1406 2117 uon
1430 2083 1517 2128 est,
1550 2091 1646 2132 quo-

101 2139 219 2183 modo
241 2137 387 2183 Paulus
418 2140 575 2183 tradere
607 2140 680 2183 boc
701 2138 920 2184 Corinthiis
949 2142 1099 2199 potuit,
1146 2143 1248 2199 quod
1270 2159 1312 2185 se
1332 2148 1520 2198 accepisse
1539 2144 1645 2187 dice-

99 2207 194 2251 bnt?
252 2211 434 2261 Quom’am
463 2210 636 2249 Clemens
664 2216 833 2250 mortuus
863 2218 922 2250 est
942 2225 1018 2264 pro
1038 2215 1207 2265 peccatis
1234 2215 1396 2261 nostr-12⁹,
1441 2216 1644 2254 secundum
1664 2222 1850 2260 1.cor.ts‚s.

98 2280 325 2331 strepltu-as.
389 2275 619 2331 Resurgere
649 2290 744 2318 vero
777 2276 841 2332 qui
863 2278 988 2334 potuit
1024 2278 1099 2322 nisi
1134 2287 1309 2322 mortuus
1334 2287 1450 2322 antea
1481 2281 1647 2323 suisset?

100 2342 284 2388 Maximo
309 2359 406 2388 vero
429 2345 574 2401 pudore
597 2343 880 2399 perfunduntur
901 2346 926 2387 ii
948 2347 1011 2402 qui
1042 2347 1336 2404 quaternionem
1369 2363 1438 2404 pro
1470 2349 1645 2391 trinitate

101 2413 286 2457 constitui
318 2427 549 2470 persuasum
575 2412 742 2464 habent,
786 2412 818 2455 si
842 2427 983 2470 corpus
1005 2429 1026 2457 e
1048 2413 1179 2458 Maria
1204 2423 1335 2458 uatum
1359 2430 1449 2458 esse
1475 2417 1641 2459 dicatur.

100 2480 206 2525 Nam
226 2482 261 2525 si
283 2481 615 2524 consubstantiale
650 2480 771 2522 verbo
796 2495 937 2538 corpus
968 2483 1225 2536 arbitremur,
1271 2484 1425 2526 trinitas
1450 2484 1642 2527 nibilomi-

102 2564 176 2593 nus
201 2549 355 2593 trinitas
377 2556 593 2607 permanet,
616 2563 701 2591 cum
728 2548 975 2605 peregrinum
1000 2551 1144 2594 nullum
1166 2552 1327 2594 verbnm
1349 2552 1387 2593 in
1408 2552 1511 2594 illam
1533 2553 1644 2595 inve-

101 2618 231 2663 tumr.
293 2619 350 2662 At
370 2619 404 2661 si
427 2631 570 2674 corpus
591 2617 681 2660 illud
707 2617 807 2659 idom
829 2630 879 2659 ex
903 2615 1034 2661 Maria
1058 2627 1188 2662 natum
1211 2619 1404 2662 hominem
1430 2633 1519 2663 esse
1541 2621 1643 2663 dica-

101 2701 212 2741 mno,
253 2700 418 2730 necesse
443 2693 525 2737 est,
571 2700 656 2727 cum
681 2698 823 2740 corpus
848 2691 984 2728 natura
1010 2687 1259 2743 peregrinum
1293 2687 1540 2744 alienumque
1573 2690 1640 2741 sit,

101 2762 146 2798 ut
168 2755 206 2798 in
235 2755 320 2812 ipso
345 2754 506 2797 verbum
536 2754 723 2804 insideat,
770 2753 1066 2808 quaternionem
1093 2769 1162 2811 pro
1187 2755 1359 2798 trinitate
1382 2770 1640 2813 consurgere,

102 2836 268 2880 oorpore
299 2823 481 2866 videlicet
510 2822 677 2864 adiecto.

146 2911 180 2948 9.
202 2908 323 2954 πάντας
343 2915 381 2950 Β.
944 2911 994 2947 13.
1017 2912 1175 2957 γινέσῇαι
1198 2915 1234 2948 Β.

151 2958 201 2993 10.
225 2956 298 2994 τινὰ
322 2957 340 2994 ἰ
384 2957 502 3003 nudent
525 2960 561 2992 B.
945 2957 993 2992 14.
1019 2957 1079 3002 μιν
1101 2960 1195 2992 obest.
1220 2969 1240 2992 n
1266 2960 1300 2993 Β.

150 3004 201 3038 1Ι.
226 2999 315 3043 ὅλως
338 3015 381 3038 κα
417 3006 453 3037 Β.
941 3003 989 3037 15.
1015 3003 1182 3048 thrones,
1205 3004 1304 3049 φασὶ,
1328 3002 1367 3042 τὸ
1389 3007 1426 3040 Β.

150 3049 200 3083 12.
224 3048 283 3084 καὶ
306 3046 481 3085 ἀπέθανεν.
525 3044 787 3093 Ἐρυῦριάσουσι
811 3048 845 3080 Β.
941 3046 990 3082 16.
1015 3045 1110 3085 edati
1133 3047 1221 3090 ξένον
1244 3051 1292 3093 B„
1314 3052 1399 3093 quod
1423 3060 1533 3087 vonam
1553 3057 1637 3095 puto.
