2020 3276
698 235 1131 270 Amcsrmmtosis.
1600 223 1682 266 555

138 311 316 364 'dadis
335 306 541 374 Agrippae
573 317 683 358 lesus
715 313 901 358 Christus
937 316 1184 372 promulgare
1214 313 1387 357 divinum
1422 313 1583 356 verbum
1616 326 1686 368 ag-

137 383 413 443 men,
452 398 501 427 ac
522 398 608 427 eum
636 384 796 427 loannis
832 384 1025 440 baptismo
1058 384 1258 436 initiatur,
1301 390 1381 425 tum
1403 396 1547 425 aunum
1575 380 1684 424 illum

137 459 343 512 saeptu-
362 453 404 496 iu
424 466 470 495 ea
503 452 703 510 praeconii
730 452 932 494 functione
961 452 1179 503 consumit,
1222 452 1328 494 nullo
1360 465 1487 507 neque
1522 450 1686 492 ludaeo-

138 526 253 576 1-2',
281 532 411 578 neque
432 521 660 577 gentilium,
691 534 818 577 neque
842 518 1205 571 Samaritanorum,
1237 534 1364 575 neque
1384 519 1548 561 alterius
1565 530 1687 573 gene·

139 591 209 639 ἡ)
229 597 491 648 apag-ante.
565 587 752 633 Secundo
783 589 984 646 praeconii
1016 589 1201 630 coelestis
1237 603 1340 630 anno
1381 587 1685 644 quamplurimos

140 658 431 704 mnes
467 658 623 710 babuit,
670 657 735 714 qui
770 658 924 713 quidem
959 655 1132 699 Herodis
1163 657 1336 698 eiusdem
1367 658 1493 706 ΧΙΧ.,
1535 653 1687 697 Christi

138 727 472 772 montitii.
531 725 699 769 Demum
720 727 808 768 XX.
834 725 1055 768 tetrarchae
1082 724 1252 767 Herodis
1280 739 1384 766 anno
1406 722 1589 767 Christus
1618 724 1688 765 do·

140 795 344 841 hia-soh
368 794 525 838 hanani
545 795 705 850 generis
731 795 896 838 salutem
923 808 1086 850 passus,
1129 801 1245 849 atque
1267 794 1403 835 eodem
1433 800 1607 849 tempore
1629 791 1689 834 ui-

141 864 202 911 bil
216 877 360 922 panau
380 870 465 915 eat,
508 871 589 905 tum
610 877 698 905 cum
721 870 886 905 mortem
907 863 1122 918 degustans
1145 862 1270 918 ipsum
1298 862 1414 903 etiam
1439 861 1569 903 crucis
1594 875 1687 915 sup-

140 930 300 991 pb'eian
320 931 464 981 subiit,
509 947 596 973 cum
628 931 783 973 interim
810 931 904 973 nihil
926 931 1010 988 ipsa
1034 931 1236 973 divinitate
1260 938 1475 987 pateretur.
1537 931 1688 971 Christo
1699 930 1810 962 Um·
1826 930 1891 966 ¹2¹·

140 999 262 1052 aaa,
299 1002 357 1044 ait
377 1001 597 1057 scriptura,
635 1015 710 1055 pro
732 1001 840 1042 nobas
863 1005 904 1041 in
926 1014 1043 1041 carne
1062 1014 1203 1053 pas-so.-
1248 1013 1482 1054 rursumque
1496 1031 1508 1050 ‚
1549 1001 1688 1039 Mor-u·-
1700 999 1800 1029 1.1’et.
1811 998 1893 1036 ⁸2¹⁸·

137 1071 280 1124 findens
299 1084 432 1118 ear-ne,
463 1070 677 1122 mbfficaeus
696 1077 819 1110 autem
836 1072 997 1123 spah'tu,
1030 1075 1070 1110 et
1091 1082 1192 1124 quae
1210 1076 1443 1124 sequuntur.
1505 1068 1547 1108 lu
1570 1054 1695 1108 cruce*

140 1139 416 1196 suspenditur,
460 1138 673 1196 sepelitur,
717 1139 764 1179 ad
786 1138 935 1179 inferos
959 1151 1047 1179 cum
1070 1137 1275 1179 divinitate
1300 1150 1371 1178 sua
1393 1137 1600 1191 animaque
1622 1135 1690 1176 de-

141 1207 319 1260 uendit,
359 1208 554 1265 captivam
577 1207 684 1249 ducit
707 1205 974 1263 captivitatem
989 1237 1002 1257 ‚
1043 1219 1090 1247 ae
1113 1206 1231 1247 tertio
1250 1205 1312 1247 die
1334 1219 1420 1247 cum
1444 1203 1691 1246 sanctissimo

141 1290 217 1319 auo
237 1290 403 1333 corpore
426 1277 475 1318 ad
498 1277 616 1318 vitam
639 1275 852 1317 excitatur.
914 1272 1030 1329 Quod
1053 1274 1208 1330 quidem
1239 1288 1381 1331 corpus
1404 1287 1531 1330 neque
1551 1273 1691 1314 dissol—

141 1345 310 1388 vendum
342 1345 530 1402 amplius,
574 1358 648 1386 nec
671 1357 898 1400 passurum,
945 1357 1019 1385 nec
1040 1343 1113 1385 sub
1137 1342 1274 1385 mortis
1295 1342 1532 1384 dominatum
1557 1348 1692 1398 postea

142 1426 348 1456 eeasurum
370 1428 458 1455 cum
482 1427 553 1455 sua
578 1413 781 1454 divinitate
807 1411 1028 1454 coniunxit.
1091 1412 1129 1453 ld
1156 1412 1258 1467 quod
1282 1411 1446 1467 apostoli
1468 1409 1693 1453 testimonio

143 1481 444 1539 comprobatur:
486 1484 620 1530 Mors,
667 1481 816 1536 inquit,
847 1496 922 1522 non
946 1483 1107 1534 amplius
1126 1483 1166 1521 ei
1180 1482 1445 1521 dominabitur.
1509 1478 1595 1520 Hoc
1618 1478 1690 1533 igi·
1708 1481 1796 1511 Ro·-
1811 1481 1879 1517 ⁸2⁸·

143 1553 212 1594 ht·
228 1551 354 1608 i'pum
376 1564 546 1607 eorpus,
589 1563 748 1591 carnem
777 1549 899 1605 ipsam
927 1557 967 1590 et
985 1549 1178 1600 animam,
1221 1549 1304 1605 ipsa
1327 1548 1467 1604 quibus
1487 1547 1693 1589 constabat

142 1619 300 1671 usis,
345 1633 425 1661 nou
447 1619 550 1661 aliud
582 1618 788 1674 quicquam
823 1625 983 1674 praeter
1012 1631 1148 1659 verum
1183 1631 1350 1673 corpus,
1393 1617 1462 1658 sed
1485 1615 1695 1672 ipsummet

142 1686 298 1735 itt-,avi
316 1686 480 1730 coelesti
511 1687 705 1743 perfudit,
748 1694 789 1727 et
814 1686 854 1727 iu
876 1700 993 1727 uuum
1017 1686 1222 1741 idemque,
1266 1686 1305 1727 iu
1331 1699 1471 1736 unam,
1515 1685 1691 1740 inquam,

145 1753 390 1799 aiviaitste-
417 1755 681 1806 consociavit,
725 1762 766 1797 ut
791 1761 833 1796 et
855 1768 975 1796 carne
998 1761 1183 1796 constans
1208 1761 1248 1796 et
1269 1754 1564 1810 incorruptum,
1606 1766 1693 1795 cor·

147 1828 312 1881 μοι·
328 1824 447 1867 simul
472 1838 519 1867 ac
542 1824 745 1880 spiritale,
777 1830 1005 1865 concretum
1031 1837 1078 1864 ac
1100 1830 1244 1876 tenue,
1276 1823 1443 1865 mortale
1467 1821 1616 1879 pariter
1635 1828 1695 1863 at-

148 1904 226 1949 qu
246 1891 466 1935 inmortale
495 1892 588 1934 illud
616 1899 749 1943 esset,
792 1892 894 1947 quod
919 1891 1023 1933 nulla
1048 1891 1208 1933 omuino
1240 1891 1330 1934 tabe
1352 1891 1583 1934 dissolutum
1612 1891 1695 1932 l'ue-

149 1967 236 2013 rat,
265 1972 394 2016 neque
414 1960 502 2002 eins
518 1960 649 2003 anima
673 1961 773 2016 apud
797 1961 946 2002 inferos
969 1960 1131 2012 relicta,
1176 1974 1251 2002 uec
1273 1961 1397 2017 ipsum
1422 1961 1529 2001 velut
1551 1959 1695 2000 iustru-

149 2034 324 2071 mentu-
357 2027 548 2084 quoddam
583 2029 712 2085 aliqua
735 2043 790 2071 ex
818 2035 928 2086 parte
964 2030 1113 2085 peccati
1141 2029 1180 2071 in
1205 2029 1434 2084 obsequium
1458 2027 1693 2085 impensum,

149 2109 279 2153 neque
310 2109 424 2139 nens
464 2096 542 2139 ulla
573 2104 661 2139 erat
689 2097 730 2138 iu
761 2098 936 2140 deterius
966 2097 1181 2140 mutatione
1214 2098 1382 2154 polluta:
1429 2098 1498 2139 sed
1532 2096 1585 2138 ita
1619 2095 1695 2138 sibi

149 2164 279 2207 onnia
304 2177 406 2220 quae
431 2164 629 2206 bominum
662 2166 817 2222 propria
844 2174 936 2207 sunt
967 2166 1157 2218 adscivit,
1204 2167 1339 2208 eadem
1370 2173 1411 2208 ιιι
1431 2167 1582 2221 integra
1609 2178 1695 2207 ser-

146 2238 262 2276 varet.
289 2245 389 2288 quae
419 2245 539 2274 verae
562 2231 617 2274 illi
643 2247 757 2288 quam
781 2234 856 2276 sibi
879 2235 1163 2277 conciliaverat
1184 2242 1348 2277 naturae
1372 2233 1623 2276 necessarios
1646 2233 1694 2275 ad

148 2314 246 2345 usas
277 2300 463 2344 divinitas
493 2308 771 2353 concesserat,
816 2316 911 2344 usus
942 2303 1123 2345 nimirum
1148 2303 1236 2345 illos
1267 2303 1332 2359 qui
1358 2310 1401 2345 ut
1427 2316 1517 2344 esse
1539 2302 1693 2359 penitus

149 2369 302 2427 „saint
322 2369 462 2426 partim
486 2368 664 2425 corporis
685 2376 827 2424 egent,
870 2370 1008 2425 partim
1032 2371 1150 2414 animi
1182 2378 1299 2427 atque
1333 2371 1523 2413 humanae
1552 2371 1694 2412 mentis

147 2438 407 2488 adminiculo,
440 2436 658 2479 cuiusmodi
685 2443 778 2479 suut
800 2438 940 2491 fames,
972 2438 1080 2491 sitis,
1112 2440 1226 2482 fletus
1246 2454 1292 2482 ac
1313 2440 1445 2490 dolor,
1478 2439 1692 2495 lacrymae,

147 2519 312 2550 sennua
340 2520 387 2548 ac
411 2506 582 2561 requies.
644 2504 755 2547 llaec
785 2506 888 2548 enim
921 2507 1052 2549 omnia
1085 2508 1189 2550 nulla
1214 2508 1405 2550 infuscata
1435 2507 1581 2563 peccati
1606 2521 1695 2563 spe·

149 2575 212 2618 eia
230 2582 439 2631 susceptae
465 2573 594 2630 reipsa
617 2580 782 2615 naturae
809 2574 976 2616 bominis
997 2583 1229 2631 argumenta
1249 2575 1476 2626 continent3
1509 2590 1583 2632 qua
1607 2590 1694 2618 cum

149 2656 247 2686 vace
266 2643 492 2685 consociata
515 2642 698 2683 divinitas
720 2642 926 2684 humanum
946 2652 1078 2686 tameu
1100 2644 1244 2699 patitur
1265 2643 1384 2695 nibil,
1416 2644 1571 2685 tametsi
1595 2657 1694 2699 quae

148 2711 292 2756 rationi
325 2718 591 2754 consentanea
627 2712 779 2761 forent,
826 2710 1050 2762 admiserit,
1094 2718 1212 2767 atque
1241 2713 1289 2753 ab
1312 2711 1418 2753 omni
1439 2713 1614 2764 scelere,
1657 2720 1698 2754 et

82 2829 86 2833 .
149 2779 192 2823 ia
216 2779 328 2836 peius
351 2794 397 2822 ae
426 2778 589 2821 vetitum
623 2779 837 2820 mutatione
869 2779 1001 2834 procul
1034 2779 1218 2821 abfuerit.
1281 2780 1342 2821 Ad
1374 2779 1471 2822 baec
1500 2781 1697 2824 excitatus
1723 2791 1890 2821 toan-‚am

150 2861 174 2890 a
198 2853 326 2890 morte
358 2845 542 2891 Christus
576 2847 745 2889 occlusis
775 2846 904 2889 ianuis
938 2847 1142 2902 ingressus
1174 2854 1259 2898 est,
1306 2848 1359 2889 uti
1383 2849 1483 2904 quod
1509 2848 1697 2891 hactenus

153 2929 328 2958 crassum
352 2923 656 2971 concretumque
681 2917 806 2956 suerat
829 2930 996 2971 corpus,
1042 2916 1177 2957 eadem
1207 2930 1293 2957 cum
1321 2931 1439 2958 carne
1465 2917 1696 2974 ossibusque

152 2990 271 3026 tenue
298 2997 345 3025 ae
371 2984 512 3026 subtile
544 2995 634 3025 esse
670 2990 920 3025 monstraret.
985 2981 1126 3025 Statim
1160 2983 1263 3026 enim
1293 2991 1408 3042 atque
1428 2985 1696 3041 introgressus

153 3074 308 3120 ροφορίαν
331 3071 426 3122 αὐτῷ
440 3100 449 3115 ,
472 3075 517 3120 τῇ
542 3074 640 3120 πείνῃ
665 3076 735 3109 κτλ.
