2020 3276
411 213 595 250 rammi
618 213 705 248 mn.
723 214 782 247 ιιι.
804 213 914 247 rom,
933 214 974 247 ιι.
997 213 1132 247 nun.
1149 213 1326 247 Lxxvn.
1564 204 1642 247 341

100 306 270 354 *-
298 294 449 338 audiit?
486 293 573 350 quis
595 292 751 344 docuit,
793 292 1001 334 didicitvet
1062 296 1162 334 Nam
1183 309 1205 334 e
1227 296 1321 335 Sion
1344 295 1542 347 egreditur
1560 307 1645 334 ver-
1680 300 1731 330 13⁸.
1748 301 1776 336 ²,
1791 300 1816 329 ³.

100 365 377 413 blumbi,
418 370 457 404 et
483 364 548 403 lex
570 364 635 403 dei
654 377 704 403 ex
724 363 976 403 Hierusalem.
1039 361 1094 403 At
1129 362 1225 403 haec
1259 363 1362 404 unde
1393 362 1648 419 prodierunt?

99 429 270 490 finan
293 431 411 474 inferi
435 430 528 473 iuud
549 436 800 479 eructarunt,
843 429 1179 472 consubstantiale
1207 430 1400 472 divinitati
1426 431 1537 473 verbi
1558 444 1648 473 cor-

97 499 286 559 ,auiti-d
305 513 397 544 esse
419 499 521 556 quod
549 511 573 540 a
594 496 726 540 Maria
747 497 921 554 genitum
945 499 1034 539 est?
1065 505 1131 539 aut
1160 499 1321 540 verbum
1349 500 1476 555 ipsum
1495 499 1536 541 in
1561 513 1648 541 car-

97 567 212 621 -3
242 582 358 621 ossa,
390 567 575 623 capillos,
607 581 653 608 ac
677 573 798 608 totum
822 566 990 622 denique
1013 580 1158 622 eorpus
1187 581 1277 609 esse
1302 581 1563 620 conversum,
1608 574 1649 609 et

96 639 279 694 ass-apte
300 643 439 680 natura
461 636 678 678 mutatum?
736 633 838 690 Quis
861 635 1020 676 omnino
1048 635 1096 676 de
1117 632 1357 677 Christianis
1379 637 1502 678 audiit
1527 637 1646 679 filium

97 704 316 764 fispeeie
336 719 385 748 ae
408 703 565 747 fictione
587 704 670 746 sola
695 717 862 759 corpus,
903 717 981 744 non
1012 710 1151 745 natura
1180 705 1382 758 gessisse?
1441 703 1542 759 Quis
1569 712 1646 747 tam

96 772 238 832 i-p‘ns
263 773 335 816 tait
357 780 400 815 ιιι
418 774 624 830 ipsammet
647 772 821 813 eiusdem
849 770 1092 813 divinitatem
1116 771 1384 814 circumcisam
1411 786 1501 814 esse
1529 779 1646 829 atque

94 841 361 900 i-pee'edam
394 855 418 884 e
449 843 626 898 perfecta
658 840 849 882 redditam
882 840 1003 882 fnisse
1034 840 1200 882 sentiret
1235 854 1282 882 ac
1314 840 1490 882 diceret?
1547 839 1647 883 ltem

93 909 189 954 itt-«t
219 909 371 968 ipsum,
404 911 505 964 quod
531 910 570 951 in
595 909 702 965 ligno
723 909 905 950 suffixum
930 916 1013 960 est,
1057 923 1135 951 non
1163 923 1306 965 corpus
1328 908 1533 961 extitisse,
1576 910 1646 952 sed

94 978 352 1024 nam-tiam
376 978 499 1035 ipsam
524 985 692 1020 naturae
720 977 841 1019 totius
866 977 1073 1034 opificem?
1131 976 1233 1032 Quis
1258 991 1345 1019 cum
1368 977 1473 1019 istud
1495 978 1643 1030 audiat,

96 1043 218 1091 ..nie
236 1045 394 1099 Maria,
438 1047 507 1089 sed
531 1061 584 1089 ex
608 1045 762 1103 propria
787 1045 1005 1088 substantia
1032 1046 1094 1087 dci
1125 1046 1287 1088 verbum
1314 1045 1530 1088 obnoxium
1556 1061 1646 1102 pas-

94 1114 202 1159 ὀοιὸ
220 1115 296 1158 sibi
315 1129 458 1171 eorpus
481 1115 682 1157 effinxisse
696 1147 707 1167 ‚
741 1111 1011 1156 Christianum
1033 1115 1096 1170 qui
1118 1115 1216 1157 haec
1238 1115 1385 1156 dixerit
1405 1115 1646 1157 arbitretur?

97 1182 199 1240 Quia
217 1185 467 1227 execrandae
491 1183 593 1225 iliius
617 1182 830 1240 impietatis
859 1189 998 1224 auctor
1031 1190 1116 1235 est,
1163 1191 1204 1225 ιιι
1233 1183 1423 1225 eiusmodi
1454 1185 1645 1239 quaedam

95 1253 227 1296 nain·
251 1252 463 1309 concipere
498 1259 566 1294 ant
598 1252 726 1308 eloqui
753 1251 912 1293 minime
938 1252 1193 1294 formidaret?
1236 1266 1349 1303 eum,
1391 1251 1456 1308 qui
1479 1252 1646 1294 domini-

94 1334 183 1364 an-
203 1333 227 1363 e
245 1318 379 1363 Uaria
401 1334 545 1377 corpus
570 1334 658 1362 esse
682 1327 814 1362 natum
841 1328 1020 1373 asserat,
1067 1335 1145 1362 non
1176 1321 1414 1373 trinitatem,
1455 1321 1524 1362 sed
1550 1335 1647 1377 qua-

96 1389 322 1433 acuitatem
354 1389 548 1431 divinitati
581 1389 781 1431 tribuere?
839 1389 954 1430 Adeo
983 1396 1025 1430 nt
1055 1389 1118 1445 qni
1142 1390 1196 1431 ita
1217 1389 1394 1431 sentiunt
1414 1403 1571 1431 carnem
1598 1389 1645 1431 il-

91 1458 194 1511 lan,
234 1471 350 1515 qnam
383 1457 556 1500 salvator
586 1472 608 1500 e
634 1455 762 1500 Maria
793 1457 948 1512 virgine
977 1458 1176 1514 suscepit,
1225 1471 1279 1500 ex
1304 1458 1390 1514 ipsa
1423 1457 1644 1500 substantia

92 1525 279 1570 trinitatis
301 1539 393 1568 esse
422 1527 634 1568 fateantur.
696 1524 778 1567 lam
806 1539 902 1567 vero
928 1526 1121 1567 undenam
1146 1540 1277 1582 parem
1309 1526 1398 1567 huie
1421 1540 1468 1568 ac
1491 1540 1646 1582 germa-

91 1609 181 1639 na-
202 1594 441 1652 inpietatem
465 1608 651 1637 evomere
672 1594 736 1636 aiii
756 1595 909 1650 quidam
932 1595 970 1635 in
993 1596 1164 1637 animum
1188 1595 1446 1647 induxerunt,
1479 1595 1534 1636 uti
1556 1609 1644 1636 cor·

91 1677 164 1722 pua
182 1663 308 1721 ipsum
331 1677 409 1706 non
433 1664 637 1706 divinitate
661 1663 772 1705 verbi
798 1663 1021 1715 recentius,
1068 1665 1136 1706 sed
1163 1671 1440 1717 coaeternum,
1485 1678 1532 1706 ac
1557 1678 1645 1720 per-

92 1739 211 1789 petuo
229 1746 317 1775 eum
338 1732 405 1775 ino
427 1733 678 1774 coniunctum
703 1732 886 1774 extitisse
910 1732 1120 1783 definiant,
1153 1732 1463 1788 quandoquidem
1486 1733 1569 1775 ab
1558 1747 1644 1790 ipsa

91 1800 284 1858 sapientia
305 1801 559 1844 constitutum
582 1802 670 1842 est?
727 1798 913 1842 Potuitne
939 1798 1178 1843 Christianis
1200 1801 1248 1842 ab
1269 1801 1522 1843 homiuibus·
1513 1817 1551 1843 ιιι
1573 1802 1644 1844 du-

92 1868 197 1912 biam
219 1869 378 1921 vocari,
409 1877 627 1912 utrumnam
651 1869 830 1912 dominns
855 1876 993 1911 noster
1016 1869 1064 1910 de
1085 1867 1213 1911 Maria
1235 1869 1388 1926 virgine
1412 1878 1526 1913 natus
1551 1871 1644 1912 sub-

93 1938 236 1981 stantia
260 1944 478 1994 naturaque
502 1938 563 1979 dei
588 1938 688 1980 iilius
708 1938 910 1990 extiterit,
954 1938 1167 1979 secundum
1205 1951 1362 1979 carnem
1398 1953 1495 1981 vero
1518 1953 1540 1980 e
1563 1937 1645 1981 Da-

93 2006 197 2049 vidis
231 2005 378 2062 stirpe,
419 2019 465 2047 ac
497 2014 775 2048 sacrosanctae
813 2005 977 2061 virginis
1015 2020 1133 2048 carne
1170 2009 1402 2063 susceptus?
1471 2007 1643 2063 Quinam

94 2088 213 2132 porro
243 2081 350 2118 tanta
378 2075 599 2118 temeritate
623 2082 664 2116 et
687 2075 848 2117 audacia
878 2076 1061 2127 fuerunt,
1105 2082 1147 2116 ιιι
1169 2071 1370 2118 Christum
1396 2075 1501 2118 illum
1535 2090 1644 2119 asse·

93 2150 230 2189 terent
249 2144 315 2200 qui
335 2144 376 2187 iu
397 2157 517 2186 carne
540 2156 703 2200 passus,
734 2150 775 2186 et
797 2144 837 2185 in
860 2157 1016 2193 crucem
1041 2150 1153 2185 actus
1176 2150 1261 2196 est,
1305 2158 1383 2186 non
1407 2158 1498 2187 esse
1522 2145 1645 2187 domi-

93 2225 185 2257 ιιιιιι
218 2226 265 2255 ae
294 2211 558 2263 salvatorem,
605 2218 645 2253 et
679 2212 818 2263 deum,
864 2210 1065 2268 patrisque
1097 2212 1245 2254 filium?
1313 2211 1495 2268 Quonam
1529 2220 1643 2269 pacto

94 2277 344 2325 Christianos
373 2279 559 2337 appellari
581 2293 626 2321 se
651 2279 787 2322 volunt
819 2279 883 2335 qui
909 2280 948 2322 in
971 2287 1149 2323 sanctum
1185 2280 1380 2323 hominem
1417 2281 1578 2338 perinde
1601 2288 1645 2323 ut

92 2347 133 2392 in
168 2348 337 2405 aliquem
369 2349 418 2391 de
450 2347 722 2405 prophetarum
765 2361 929 2390 numero
968 2348 1167 2405 delapsum
1205 2363 1295 2391 esse
1331 2349 1517 2404 verbum,
1564 2363 1642 2390 non

91 2417 300 2474 ipsummet
329 2416 524 2459 hominem
562 2417 704 2458 factum
735 2429 825 2458 esse
852 2416 1105 2472 profitentur,
1150 2432 1236 2460 cum
1263 2431 1315 2460 ex
1339 2415 1470 2460 Maria
1499 2430 1642 2473 corpus

92 2485 309 2538 induisset,
341 2486 411 2527 sed
436 2485 601 2528 alterum
625 2497 715 2526 esse
737 2481 959 2537 Christum,
1002 2485 1165 2528 alterum
1194 2485 1255 2528 dei
1278 2486 1420 2538 filium,
1462 2485 1527 2541 qui
1550 2492 1643 2526 ante

92 2551 263 2598 Mariam
293 2561 334 2596 et
362 2560 454 2596 ante
485 2552 644 2595 saecula
675 2552 805 2594 omnia
839 2551 938 2594 filins
962 2566 1016 2595 ex
1046 2560 1158 2609 patre
1182 2554 1396 2610 prodierit?
1454 2553 1519 2595 An
1545 2567 1641 2596 vero

93 2619 306 2666 Christiani
329 2636 420 2665 esse
446 2628 609 2679 possunt
636 2620 699 2676 qni
731 2620 847 2662 alium
870 2634 962 2663 esse
982 2621 1120 2675 deum,
1164 2622 1267 2664 aliud
1292 2628 1331 2664 et
1352 2622 1400 2664 ab
1423 2621 1490 2664 ino
1512 2621 1642 2663 diver-

96 2704 181 2734 sum
213 2690 276 2733 dei
307 2691 467 2734 verbnm
500 2689 752 2747 praedicant?

205 2757 357 2802 Haec
346 2774 386 2801 ιιι
412 2758 489 2801 inis
525 2756 819 2800 commentariis
853 2757 1155 2871 continebantur
1192 2758 1440 2815 pronuntiata
1464 2758 1638 2814 diverse,
1677 2769 1761 2817 cap.
1783 2772 1825 2806 v.

139 2838 191 2875 12
214 2837 336 2883 σοφίας
358 2839 393 2872 Β.
934 2835 1241 2926 ἕιριινῗξῖῑῗωτι

139 2884 192 2920 13.
214 2848 337 2919 tumn
361 2884 397 2917 B.
1041 2893 1081 2917 να
1242 2882 1314 2919 avet
1336 2880 1491 2919 δυνανται
1514 2884 1546 2919 ot
1569 2886 1604 2919 Β.

141 2926 192 2964 14.
216 2925 299 2964 ιῖναι
319 2926 381 2985 τήν
403 2930 440 2963 Β.
932 2927 987 2961 20.
1014 2924 1099 2964 εἶναι.
1119 2893 1178 2964 τὸν
1198 2927 1281 2971 υἱὸν,
1304 2929 1365 2965 καὶ
1385 2925 1482 2966 ἄλλον
1502 2928 1559 2967 τὸν
1579 2931 1640 2967 τοῦ

139 2975 191 3010 15.
213 2975 280 3014 τῆς
302 2969 421 3012 ouda<
441 2974 505 3018 τῆς
530 2973 650 3019 σοφίας
674 2976 708 3007 Β.
888 2973 920 3007 3.
945 2973 973 3007 λ
997 2973 1036 3007 Ι.

140 3015 402 3062 16.st‹·1'p.u12
935 3013 1636 3070 ΟυΝῩ-ίδηόρωςοοάἀηιιυι

139 3064 190 3101 17.
216 3064 275 3101 καὶ
296 3075 359 3099 non
382 3065 1261 3109 humma.ahed19.utaewutod.m
