2020 3276
448 195 630 229 panant!
654 195 736 228 Lm.
755 195 814 228 111.
838 195 947 229 ΤΟΜ.
970 195 998 228 Ῐ.
1022 194 1157 229 natu.
1181 195 1344 229 Lxxvt.
1583 187 1661 228 311

236 273 401 321 Curat.
427 275 604 316 xxxin.
664 271 781 328 Quod
800 273 1015 329 ingenitum
1041 274 1204 326 dicitur,
1250 275 1288 316 in
1313 275 1498 317 confesso
1521 281 1584 316 est
1605 275 1666 316 sni

122 343 267 390 *-
289 342 433 386 hahere
456 356 636 386 caussam
650 373 663 393 ,
695 341 1005 397 quandoquidem
1032 356 1148 384 unum
1167 343 1347 398 idemque
1366 349 1429 384 est
1449 342 1664 398 ingenitum

119 411 446 464 adorandum,
489 410 549 452 sic
571 418 613 452 ut
633 410 875 452 adorandum
898 410 946 451 ab
968 410 1222 452 adorantibus
1248 418 1495 453 secernatur.
1557 410 1668 453 Ado·

118 479 245 524 tanda
265 493 384 538 porro
406 479 563 522 trinitas
586 486 670 531 est,
716 491 817 534 quae
841 477 977 520 eadem
1001 484 1043 519 et
1069 478 1197 520 unitas
1218 485 1301 530 est,
1343 486 1382 520 et
1406 493 1484 521 uno
1507 478 1667 521 nomine

118 547 403 606 mbo-sa
435 546 591 590 trinitas
625 546 864 603 appellatur,
913 554 1048 602 pater,
1092 546 1192 587 lilius
1224 553 1264 587 et
1296 547 1457 603 spiritus
1485 554 1663 589 sanctus.

119 613 238 673 Quae
265 615 421 673 quiden
446 615 549 672 qnod
581 629 694 657 snum
719 622 781 657 est
808 629 887 656 non
911 622 1095 670 tauquam
1125 614 1295 656 alienum
1320 615 1360 656 in
1386 615 1517 671 seipsa
1541 614 1667 657 eonti-

119 691 210 737 net,
241 683 313 728 aed
339 691 607 740 congruentor
642 690 789 739 patrem
826 682 928 724 lilius
959 697 1039 724 non
1063 682 1238 734 creavit,
1281 683 1350 724 sed
1377 683 1528 738 gennit.
1590 682 1666 726 Hic

117 752 223 796 eni-
252 751 304 795 ab
334 753 420 809 ipso
449 766 607 808 semper
637 752 818 808 genitore
850 751 1040 808 procedit.
1101 749 1216 794 Unde
1248 751 1350 793 fitius
1383 751 1432 792 ab
1466 751 1666 793 existente

117 827 229 867 ortu
249 827 334 875 eat,
365 827 408 863 nt
431 827 470 862 et
493 820 654 877 spiritus
675 825 861 871 sanctus,
893 819 958 875 qui
981 819 1030 860 ab
1051 818 1136 876 ipso
1166 819 1381 876 processit3
1412 833 1498 860 enm
1520 819 1560 861 in
1586 834 1666 862 nna

115 894 160 937 at
184 889 361 933 inuata
391 888 661 944 singularitate
694 886 852 930 trinitas
879 887 963 944 ipsa
994 887 1209 939 consistat,
1253 894 1387 928 cetera
1409 900 1508 930 vero
1535 889 1666 930 omnia

116 956 168 1000 ab
186 956 325 1001 eadem
347 956 414 999 illa
435 956 610 998 trinitate
630 970 651 998 e
674 955 794 998 nihilo
817 963 1025 1012 procreata
1049 955 1143 997 sint.
1204 953 1270 998 Ex
1296 969 1373 1011 quo
1393 955 1435 996 lit
1458 963 1501 997 ut
1530 956 1666 1012 singu-

118 1023 215 1068 loein
239 1023 308 1069 illa
338 1025 494 1068 trinitas
524 1039 626 1067 nnus
654 1024 705 1067 sit
736 1024 856 1076 deus,
899 1031 1011 1081 pater
1044 1030 1085 1065 et
1106 1023 1208 1066 filius
1240 1030 1278 1064 et
1300 1023 1463 1079 spiritns
1485 1031 1661 1066 sanctus.

117 1090 235 1149 Qun
262 1107 342 1136 non
374 1094 483 1136 velut
515 1092 684 1135 alienum
716 1093 818 1148 qnod
849 1106 961 1134 suum
989 1099 1051 1134 est
1082 1092 1121 1134 in
1145 1091 1356 1148 semetipsa
1389 1091 1563 1144 obtinet,
1604 1093 1665 1134 in-

116 1167 275 1213 creata,
306 1161 503 1218 ingenita,
536 1175 614 1203 non
645 1160 857 1213 fabricata,
889 1160 1069 1212 trinitas,
1111 1160 1293 1216 inquam,
1327 1174 1406 1202 non
1434 1161 1560 1212 facta,
1592 1161 1662 1202 sed

119 1228 293 1283 taciem,
335 1243 414 1272 non
435 1236 642 1271 creaturae
664 1243 808 1271 nomen
830 1229 870 1271 in
893 1242 984 1271 sese
1006 1228 1295 1284 complectens,
1339 1229 1408 1270 sed
1429 1242 1662 1285 procreans,

114 1311 220 1350 111,
252 1311 331 1340 aon
350 1298 499 1355 plures.
559 1299 599 1339 A
629 1311 704 1353 qua
738 1298 913 1353 profecta
940 1304 1032 1339 snnt
1051 1296 1206 1349 omnia,
1250 1310 1350 1353 quae
1374 1303 1416 1339 et
1439 1297 1665 1353 multiplicia

114 1371 232 1417 sant,
275 1378 404 1420 neque
433 1380 520 1407 cum
548 1379 594 1407 ea
619 1373 890 1407 numerantur.
953 1363 1088 1420 Quare
1114 1379 1240 1421 neque
1265 1379 1510 1407 communem
1541 1379 1664 1422 qnan-

115 1433 204 1476 dam
226 1440 404 1477 naturam
430 1448 516 1475 cnm
538 1433 831 1490 incomparabili
852 1433 1026 1476 essentia
1052 1434 1285 1490 participare
1320 1433 1517 1476 dicuntur.
1576 1432 1663 1475 Nc-

113 1515 189 1558 que
209 1509 343 1544 creata
363 1501 565 1558 quaepiam
587 1508 724 1544 natura
745 1502 784 1543 in
805 1501 935 1544 divina
958 1502 1023 1543 illa
1041 1501 1399 1559 comprehenditur.
1463 1499 1543 1544 Sed
1563 1502 1661 1543 haec

115 1570 291 1612 omnium
317 1569 454 1626 opifex
473 1577 556 1622 est,
600 1583 700 1625 quae
723 1584 809 1612 cnm
837 1570 1130 1627 incomparabili
1158 1584 1205 1612 ac
1226 1570 1416 1626 singulari
1439 1570 1585 1626 patris,
1618 1571 1661 1611 fi-

111 1636 180 1690 Ιῦ,
215 1637 455 1695 spiritusque
485 1637 611 1681 sancti
637 1645 778 1680 natura
798 1638 838 1680 in
863 1639 1037 1681 eiusdem
1073 1638 1317 1681 substantiae
1347 1640 1662 1680 communionem

111 1705 251 1749 venire
282 1713 498 1763 nequeunt.
560 1705 900 1762 Quemadmodum
926 1707 964 1748 ei
995 1706 1173 1763 quidem,
1219 1706 1282 1748 cni
1305 1707 1358 1749 sit
1383 1707 1563 1750 veritatis
1591 1706 1661 1748 ob-

111 1772 192 1817 lata
213 1774 409 1831 cognitio,
452 1775 656 1831 perspicue
686 1774 771 1831 ipsa
805 1775 993 1818 declarat.
1051 1773 1249 1817 Nimirum
1270 1775 1392 1817 solam
1416 1775 1542 1832 ipsam
1567 1775 1660 1817 ado-

110 1842 271 1895 randa-
294 1855 408 1895 esse,
441 1857 520 1885 non
541 1850 765 1885 ceterarum
791 1857 922 1885 rerum
945 1843 1164 1900 quicpiam3
1196 1858 1283 1885 cnm
1307 1844 1452 1901 etipsa
1476 1843 1562 1886 sola
1585 1857 1658 1885 suo

110 1909 151 1952 ia
182 1910 343 1952 nomine
372 1910 569 1968 baptizet,
601 1918 824 1954 ceterorum
855 1918 986 1954 autem
1017 1912 1054 1954 id
1086 1911 1231 1954 nullum
1264 1912 1395 1954 faciat.

224 1978 335 2021 Astii
354 1976 483 2036 Caput
502 1981 680 2021 xxxw.
741 1978 786 2022 Si
820 1979 1039 2023 substantia
1069 1980 1196 2022 omnis
1231 1980 1406 2036 ingenita
1436 1987 1520 2033 est,
1565 1979 1661 2021 nibil

112 2059 135 2088 a
159 2045 394 2089 seinvicem
425 2046 498 2089 bac
521 2061 575 2090 ex
597 2055 707 2104 parte
738 2048 943 2101 different,
986 2049 1087 2104 quod
1114 2056 1253 2091 neutra
1284 2048 1539 2091 dominationi
1566 2047 1659 2090 sub-

112 2113 216 2156 iecta
251 2113 303 2156 sit
337 2114 514 2157 alterius.
586 2114 722 2170 Quare
750 2116 906 2172 quinam
936 2116 1118 2159 affirmari
1153 2124 1304 2173 potest,
1349 2118 1492 2159 mutari
1524 2131 1656 2167 unam,

110 2182 275 2225 alteram
300 2189 476 2234 mutare,
518 2197 605 2224 cum
627 2184 700 2225 deo
727 2183 886 2227 minime
916 2185 1163 2241 permittant,
1209 2193 1250 2227 ut
1275 2200 1329 2228 ex
1352 2185 1458 2228 nulla
1482 2184 1659 2228 subiecta

111 2250 331 2294 substantia
363 2251 627 2307 producatur?

224 2315 389 2361 Conlnt.
432 2320 608 2361 XXXW.
679 2318 869 2376 Quisquis
907 2321 1113 2363 veritatem
1155 2322 1395 2379 oppugnavit
1430 2321 1655 2377 aliquando,

113 2386 264 2430 vocalia
296 2387 524 2443 quibusdam
551 2388 598 2428 ad
622 2386 870 2430 iniiciendam
902 2388 1198 2431 admirationem
1230 2389 1428 2441 collectis,
1475 2389 1522 2430 ad
1544 2402 1659 2431 ever-

112 2455 228 2498 tenda
259 2469 374 2498 sacra
407 2456 585 2510 dogmata
615 2456 911 2511 impressionem
945 2458 1076 2499 l'acere
1099 2458 1209 2500 visus
1234 2465 1316 2508 est,
1358 2464 1474 2512 atque
1504 2470 1527 2499 a
1554 2456 1657 2499 vitae

110 2522 268 2566 tramite
296 2524 516 2575 deducere,
563 2538 607 2564 ac
632 2523 843 2580 perniciem
869 2524 1040 2566 adferre.
1102 2524 1218 2580 Quod
1246 2525 1387 2567 Ae'tius
1411 2524 1525 2566 modo
1548 2524 1656 2575 facit,

113 2590 178 2648 qai
198 2605 284 2633 cum
308 2590 382 2633 boe
408 2592 448 2633 in
473 2591 599 2648 capite
627 2591 719 2633 nibil
751 2591 911 2633 omnino
943 2592 1067 2644 dicat,
1112 2594 1334 2636 rudioribus
1367 2600 1495 2634 tamen
1528 2593 1657 2635 fucum

114 2659 271 2709 facere,
305 2673 351 2702 ac
372 2667 523 2702 terrere
548 2660 727 2710 videtur,
760 2659 897 2702 eadem
924 2660 970 2702 ad
995 2661 1190 2703 fastidium
1215 2675 1338 2717 usque
1360 2666 1567 2717 repetens,
1610 2675 1659 2704 ac

111 2726 343 2770 vocabulum
370 2728 486 2779 illud,
519 2729 620 2784 quod
643 2727 853 2770 identidem
876 2742 1185 2771 commemorare
1210 2729 1334 2780 solet,
1368 2728 1549 2771 hocloco
1570 2742 1658 2786 per-

111 2809 244 2852 peram
277 2810 486 2853 usurpans.
564 2795 687 2852 igitur
725 2810 800 2836 non
841 2795 1059 2838 substantia
1097 2797 1224 2838 omnis
1259 2796 1476 2853 sapientum
1513 2797 1655 2840 iudicio

113 2870 298 2906 censetur
316 2863 513 2920 ingenita,
557 2864 699 2920 alioqui
733 2863 836 2905 nulla
861 2877 938 2905 non
962 2863 1093 2906 divina
1116 2871 1371 2907 statueretur.
1433 2862 1533 2909 Cum
1558 2878 1655 2922 ergo

156 2976 189 3011 2.
214 2973 359 3021 ὖφιστᾶν
381 2988 490 3020 supro.
909 2976 1059 3021 λογοίτο,
1093 2979 1162 3013 cod.
1193 2981 1256 3015 ten.
1284 2983 1312 3014 d
1334 2980 1383 3015 ed.
1410 2982 1512 3024 prbr.
1543 2980 1655 3018 θεολο-

157 3021 190 3056 3.
213 3023 267 3057 δίε
284 3023 381 3056 edidit
399 3027 504 3058 Petau.
539 3025 618 3058 eod.
641 3024 769 3067 naeuiq.
789 3022 863 3058 διο-
908 3027 1007 3068 tetro.
