1976 3262
495 189 679 223 PANARH
702 190 789 224 Lm.
809 190 868 223 tn.
885 190 998 223 ToM.
1016 191 1041 223 Ι.
1064 189 1196 224 ΗΑΕΒ.
1215 190 1330 223 Lxx.
1636 183 1686 223 17

121 282 396 330 fidenam,
438 288 478 321 et
498 283 730 334 acceptator·
749 283 1019 334 cogitationum
1041 290 1080 322 et
1096 284 1343 322 intentionum
1366 283 1513 330 cordis,
1559 295 1678 334 neque

121 357 185 417 cn
209 356 390 391 eroum«
416 350 733 411 occult-aggeocan
754 351 857 402 ipso,
904 356 982 391 etc.
1046 348 1113 391 Ex
1138 350 1280 405 quibus
1311 349 1492 391 omnibus
1524 349 1680 390 illorum

125 417 501 476 opinio-remitum

130 496 158 506 ”
247 484 339 530 Nec
376 485 505 528 minus
545 492 586 527 ct
615 485 779 527 aliorum
822 484 1038 526 reiicienda
1085 486 1305 536 sententia,
1354 487 1417 541 qui
1460 499 1604 539 corpus
1639 485 1686 526 ad
1723 483 1805 528 (ἕδρ-
1828 485 1870 517 V-

123 554 338 609 tnagtnem
360 554 422 596 dei
444 566 535 596 csse
558 554 699 595 fartum
733 553 976 608 praedicant.
1038 551 1142 594 Nam
1169 552 1236 608 qui
1259 554 1342 595 fieti
1371 561 1500 610 potest
1523 561 1564 595 ut
1586 554 1687 608 quod

128 621 370 680 aspectabile
391 628 454 663 est
476 622 512 663 ei
538 620 665 663 simile
687 621 741 662 sit
761 621 863 676 qnod
894 621 1018 661 videri
1055 635 1132 662 non
1166 623 1321 675 potest?
1363 630 1429 663 aut
1453 636 1688 678 corporeum

124 691 308 749 eorporis
335 689 520 746 experti?
550 696 619 732 aut
637 690 738 745 qnod
762 689 999 731 contrectari
1024 696 1151 744 potest
1176 688 1211 729 ei
1235 691 1335 744 quod
1360 690 1597 746 apprehendi
1621 703 1690 730 ne—

128 761 238 817 quit!
303 757 519 802 Praeterea
554 772 627 799 nos
663 757 864 798 anteriora
900 758 1095 798 ‹liiiituxat
1131 758 1256 798 oculis
1291 760 1437 798 nostris
1472 758 1687 806 cernimus,

127 840 235 885 qaae
251 839 355 885 pone
380 833 472 869 sunt
499 826 741 882 ignoramus.
802 823 935 867 Penes
961 828 1075 867 dcnm
1101 833 1231 867 autem
1265 839 1392 880 neque
1414 825 1569 866 affectio
1594 825 1687 875 ulla,

129 907 260 953 neque
281 896 459 938 detectus
481 902 566 946 est,
607 895 677 935 sed
701 894 972 949 undecumque
1005 894 1134 935 lumen
1171 900 1256 945 est,
1300 895 1570 948 undecumque
1597 907 1691 934 ocu-

131 964 217 1016 lta,
258 964 529 1018 undecumque
559 962 701 1018 gloria.
763 961 936 1018 Spiritus
963 962 1065 1003 enim
1091 962 1187 1003 deus
1210 969 1294 1013 cst,
1341 962 1404 1016 qui
1428 975 1583 1001 omnem
1610 961 1692 1015 spi-

129 1033 249 1077 ritu·
270 1037 508 1088 exsuperat,
553 1038 594 1072 et
615 1031 685 1073 lux
711 1030 797 1072 luce
816 1029 921 1071 omni
946 1029 1227 1086 praestantior.
1293 1028 1488 1084 Quicquid
1513 1029 1616 1069 enim
1644 1028 1691 1069 ab

132 1101 220 1158 ipsc
247 1100 451 1143 conditum
485 1106 571 1151 cst,
618 1099 721 1141 infra
758 1099 860 1141 illius
894 1099 1015 1140 decus
1050 1111 1097 1139 ac
1126 1098 1292 1153 gloriam
1324 1105 1401 1138 est.
1464 1095 1560 1138 Sola
1594 1109 1693 1136 vero

133 1168 291 1212 trinitas
324 1167 603 1224 comprehendi
631 1182 709 1210 non
735 1174 888 1224 potest,
933 1173 972 1208 et
995 1166 1184 1209 infinitam
1211 1166 1403 1221 quandam
1436 1165 1602 1219 gloriam
1625 1163 1694 1204 ob-

134 1237 257 1289 tinet,
306 1250 409 1294 quac
447 1250 520 1278 nec
556 1235 784 1277 coniectura
825 1235 1001 1291 capitur,
1048 1248 1121 1276 nec
1159 1233 1420 1289 intelligentia
1462 1231 1692 1288 percipitur.

135 1303 252 1362 Quod
274 1305 325 1348 ad
351 1305 440 1347 illos
465 1318 561 1346 vero
594 1304 764 1360 pertinet
787 1304 851 1359 qni
875 1303 912 1344 in
939 1303 1084 1345 virtute
1118 1302 1382 1344 conditionem
1418 1301 1523 1342 illam
1557 1299 1696 1355 imagi-

135 1374 200 1417 nis
218 1373 438 1423 collocant,
473 1387 522 1414 ne
545 1372 598 1414 illi
624 1372 779 1428 quidem
805 1378 914 1413 recte
938 1371 1127 1412 sentiunt.
1188 1369 1295 1412 Nam
1320 1370 1446 1412 virtus
1475 1370 1562 1410 sine
1586 1381 1696 1409 man-

135 1443 315 1486 datum·
345 1440 626 1484 observatione
658 1440 879 1482 consistere
914 1453 992 1480 non
1024 1445 1169 1495 potest.
1233 1437 1313 1480 Sed
1344 1446 1384 1479 et
1405 1438 1551 1479 virtute
1578 1435 1698 1492 pleri-

137 1524 215 1569 que
237 1510 408 1553 invicem
444 1509 711 1560 antecellunt,
756 1508 857 1563 quod
892 1507 1049 1549 virtutis
1073 1520 1223 1562 genera
1252 1507 1330 1548 sint
1364 1506 1574 1562 permulta.
1635 1505 1697 1545 Ac

136 1586 215 1623 'nod
243 1578 456 1622 nonnullos
483 1591 506 1618 e
531 1576 827 1619 confessoribus
862 1575 1044 1617 novimus
1079 1575 1142 1630 qui
1179 1588 1324 1630 corpus
1353 1580 1394 1614 et
1417 1573 1589 1615 animum
1626 1585 1697 1627 pro

138 1645 299 1691 domino
323 1660 398 1690 suo
430 1646 699 1697 tradiderunt,
740 1651 781 1686 et
810 1645 850 1685 in
881 1643 1134 1685 confessione
1167 1657 1213 1684 ac
1245 1641 1479 1684 castimonia
1510 1652 1699 1696 perseve-

139 1723 276 1759 ποιοί
303 1714 611 1758 sincerissimam
642 1714 756 1755 fidem
777 1711 852 1754 sibi
883 1717 1184 1766 compararunt,
1230 1724 1276 1751 ac
1307 1711 1476 1766 pietate,
1520 1706 1698 1749 humani-

140 1790 247 1836 tate,
290 1783 482 1839 religione
517 1782 821 1838 praestiterunt,
864 1779 904 1821 in
937 1779 1094 1821 ieiuniis
1127 1777 1275 1819 assidui
1301 1780 1485 1827 suerunt,
1528 1776 1568 1816 iu
1593 1773 1700 1816 omni

139 1852 310 1909 denique
334 1850 529 1908 probitate
552 1865 598 1892 ac
620 1850 779 1892 virtutis
803 1847 1019 1905 specimine
1040 1847 1275 1888 floruerunt.
1339 1844 1459 1886 lidem
1485 1850 1616 1884 tamen
1639 1841 1699 1882 vi-

141 1921 198 1964 tio
217 1921 348 1977 aliquo
369 1918 508 1962 suffusi
537 1927 653 1971 suut,
699 1924 740 1960 ut
765 1924 833 1959 ant
856 1917 895 1958 in
921 1915 1102 1958 convicia
1136 1912 1397 1970 procliviores
1429 1917 1587 1961 essent,
1631 1916 1699 1950 aut

122 1989 205 2032 'dci
226 2001 371 2032 nomen
391 1986 639 2038 ‹teies-arent,
683 1993 752 2028 aut
776 1983 1025 2041 loquaciores
1049 1989 1207 2032 essent,
1253 1988 1318 2022 aut
1342 1979 1545 2022 iracundia
1568 1991 1699 2034 prom-

142 2057 223 2116 pii,
253 2063 322 2100 aut
339 2069 477 2099 aurum
503 2061 760 2111 argentumve
791 2053 1063 2110 possiderent,
1108 2057 1175 2092 aut
1199 2050 1288 2092 aliis
1312 2047 1482 2103 denique
1513 2045 1698 2087 sordibus

142 2125 466 2176 obsolescerent,
511 2137 612 2178 quae
645 2122 820 2164 nonnihil
854 2122 902 2163 de
932 2121 1036 2162 iusta
1067 2118 1223 2162 virtutis
1255 2130 1438 2158 mensura
1469 2116 1695 2157 detrahunt.

145 2191 209 2237 Dc
233 2191 375 2250 qulbus
409 2191 501 2248 quid
534 2191 689 2233 tandem
721 2190 862 2232 dicturi
887 2189 1050 2232 sumus?
1107 2187 1172 2228 An
1197 2186 1285 2227 illos
1307 2183 1488 2238 imaginis
1512 2185 1632 2224 decus
1654 2181 1701 2222 il-

145 2262 211 2307 lud
230 2275 302 2305 sua
323 2260 398 2303 sibi
422 2260 568 2301 virtute
593 2259 856 2322 quaesivisse,
888 2258 957 2299 sed
981 2262 1139 2313 propter
1160 2254 1351 2295 humanos
1373 2253 1526 2308 aliquos
1550 2264 1702 2292 naevos

145 2330 247 2375 banc
269 2330 394 2385 ipsam
417 2327 625 2383 imaginem
651 2327 783 2383 specie
811 2334 925 2367 tenus
956 2325 1005 2366 ab
1030 2324 1106 2366 illis
1132 2322 1240 2378 geri,
1287 2334 1361 2362 nec
1392 2322 1606 2376 perlectam
1635 2317 1702 2358 ab·

146 2399 394 2454 solutamque
418 2395 610 2439 retineri?
665 2394 737 2437 Sic
760 2394 921 2436 illorum‘
945 2392 1109 2447 explosa
1137 2389 1336 2432 sententia
1359 2395 1436 2429 est.
1500 2386 1579 2428 lam
1606 2399 1704 2427 vero

147 2467 214 2526 qui
252 2466 296 2510 iu
333 2466 526 2523 baptismo
565 2464 698 2505 inesse
739 2462 874 2503 dicunt
915 2459 1149 2516 imaginem,
1198 2457 1455 2500 vehementer
1497 2455 1700 2495 aberrant.

146 2534 253 2579 Nam
276 2549 352 2578 nec
375 2533 548 2577 Abi-nam
581 2531 774 2588 baptismo
796 2529 970 2571 initiatus
1001 2534 1085 2578 est,
1132 2540 1206 2568 nec
1233 2524 1368 2574 isaac,
1412 2535 1539 2577 neque
1568 2519 1701 2571 lacnb,

149 2616 224 2647 uec
259 2601 395 2652 Elias,
442 2614 571 2657 neque
599 2598 791 2656 Moyses,
835 2610 908 2638 nec
938 2594 1183 2651 antiquiores
1216 2592 1293 2634 illis
1324 2590 1439 2640 Noe,
1483 2596 1522 2630 et
1545 2587 1702 2639 Hence,

151 2685 280 2731 neque
312 2670 551 2728 prophetae,
597 2675 639 2710 ut
676 2665 826 2717 haias,
869 2671 909 2706 et
932 2664 1072 2706 ceteri.
1135 2660 1239 2716 Quid
1274 2659 1420 2714 igitur?
1479 2658 1544 2699 An
1569 2656 1705 2711 imagi·

152 2754 241 2783 nem
266 2739 320 2782 illi
343 2738 406 2780 dci
432 2751 510 2780 uon
537 2734 782 2778 babuerunt?
842 2730 989 2788 Magna
1021 2730 1136 2773 nobis
1161 2734 1481 2783 argumentorum
1512 2725 1707 2766 adversus

150 2808 241 2852 illos
263 2806 376 2864 copia
401 2813 487 2858 est,
535 2811 578 2847 ut
601 2811 642 2846 et
662 2809 801 2845 contra
826 2800 1020 2852 Andium,
1067 2797 1132 2853 qui
1159 2795 1366 2850 imaginem
1391 2795 1432 2836 in
1456 2805 1623 2849 corpore
1648 2791 1708 2833 iu-

152 2889 244 2920 cuc
273 2874 485 2934 pertendit.

265 2942 360 2995 Alia
387 2948 480 2989 aaut
514 2940 735 2997 scripturae
769 2934 994 2979 testimonia
1027 2946 1127 2989 quae
1163 2931 1211 2973 ab
1243 2929 1439 2972 Audianis
1472 2928 1705 2970 efferuntur.
1725 2937 1805 2980 cap.
1832 2935 1888 2966 vl.

154 3011 300 3065 Velut,
345 3012 459 3054 Oculi
472 3011 617 3051 domni
642 3010 681 3049 in
706 3019 909 3061 pauperem
932 3004 1163 3056 rcapti-iant,
1210 3006 1249 3040 et
1265 3013 1379 3040 aures
1408 3001 1489 3039 eius
1519 3001 1560 3037 in
1576 3008 1709 3049 preces
1772 3000 1883 3062 ¹3⁵⁸&

226 3079 347 3115 corpu·
366 3075 546 3105 nument.
560 3074 596 3102 n.
608 3074 635 3102 2.
1416 3069 1442 3109 2
1797 3054 1806 3070 ’
