2020 3276
420 259 604 294 rauaan
629 259 713 293 Lm.
731 259 791 293 m.
812 259 923 294 ΤοΜ.
947 260 989 294 n.
1014 258 1146 293 naen.
1167 259 1341 293 Lxxvn.
1568 248 1651 292 387

105 340 157 385 ab
181 339 252 385 illo
273 346 456 397 suscepta
488 353 536 382 eo
563 354 587 382 a
610 353 672 381 me
694 339 888 396 disputata
918 346 1033 390 sunt,
1078 353 1126 381 ne
1152 340 1212 381 cui
1239 340 1394 382 veniret
1415 339 1454 380 in
1479 345 1650 381 mentem

105 421 245 469 peu-eo
273 408 375 466 qnod
401 409 613 465 perfectam
638 422 796 450 earnem
820 406 989 449 induerit
1016 421 1061 449 ea
1086 408 1169 462 ipsa
1192 421 1345 463 qnoque
1369 421 1468 463 quae
1493 408 1541 449 ad
1565 421 1653 449 car-

104 492 195 522 ne-
226 477 423 536 pertinent
456 476 626 519 absurda
660 475 991 531 abhorrentiaque
1026 476 1287 532 praestitisse.
1358 475 1490 518 Nemo
1528 476 1650 528 enim,

104 547 171 604 qni
192 545 347 603 quiden
373 544 560 600 religiose
583 545 630 587 de
653 545 719 587 illa
741 545 911 596 sentiat,
960 545 1007 585 de
1029 558 1078 586 eo
1105 544 1294 586 eiusmodi
1318 544 1497 599 quiddam
1522 543 1652 585 animo

104 614 327 672 emipiat,
367 620 434 655 aut
458 613 591 655 verbis
613 613 822 670 exprimat.
885 610 999 667 Quod
1021 612 1054 654 si
1080 626 1195 654 nemo
1221 619 1282 654 est
1304 612 1368 667 qui
1392 611 1535 653 rationi
1559 626 1653 654 con-

105 683 241 728 traria
249 690 291 725 et
313 681 482 725 absurda
508 681 572 723 illa
603 681 735 723 carnis
766 681 889 722 officia
916 681 1160 737 praestitisse
1195 680 1302 723 illum
1333 681 1558 732 existimet,
1603 693 1654 722 ne

105 765 161 795 aa
173 750 328 808 quidem
351 763 450 807 quae
470 764 493 791 a
518 757 649 792 mente
676 750 977 807 proficiscuntur
1005 749 1154 791 absona
1185 755 1226 790 et
1250 748 1500 791 abhorrentia
1524 750 1656 805 perfe-

104 819 212 864 dds·
242 819 434 876 putandus
461 826 537 860 est.
599 817 682 860 lam
715 832 812 860 vero
843 817 905 858 dei
937 817 1100 859 verbum
1126 819 1301 874 perfecte
1332 817 1527 859 hominem
1562 830 1654 860 esse

106 885 248 932 Man
282 901 399 930 neno
431 900 510 928 non
545 885 742 942 intelligit.
805 883 906 928 Cum
936 893 1064 927 autem
1097 887 1311 942 perfectum
1346 885 1533 938 dicimus,
1576 899 1656 928 non

107 956 206 999 duos
232 955 379 998 ideireo
403 953 586 998 Christos
605 954 844 1006 asserimus,
878 954 941 996 vel
964 955 1062 996 duos
1089 969 1205 1008 reges
1227 955 1287 996 dei
1313 955 1434 1006 filios,
1468 955 1536 996 sed
1559 968 1656 996 eun—

107 1025 195 1068 den
215 1025 347 1076 deum,
379 1031 420 1066 et
441 1024 607 1066 eundem
630 1023 851 1075 hominem3
884 1037 962 1064 nou
986 1022 1073 1064 ideo
1097 1023 1198 1078 quod
1220 1022 1403 1065 habitarit
1422 1024 1460 1065 in
1481 1023 1653 1076 homine,

107 1093 178 1136 sed
198 1092 300 1149 qnod
320 1091 405 1148 ipse
429 1098 534 1134 totus
560 1092 677 1133 homo
694 1091 747 1133 sit
770 1092 909 1133 factus.
971 1090 1114 1147 Neque
1142 1106 1260 1148 porro
1283 1105 1433 1134 merum
1459 1092 1564 1133 illum
1589 1092 1657 1133 ho-

108 1161 254 1204 minem
285 1159 563 1217 progressione
593 1160 756 1215 quadam
793 1160 840 1202 ad
865 1159 1081 1202 divinitatis
1117 1160 1380 1202 conditionem
1412 1160 1656 1217 processisse

108 1228 330 1281 eredimus,
378 1229 446 1271 sed
469 1228 581 1270 deum
605 1242 626 1270 e
648 1227 760 1270 coelo
784 1228 980 1284 delapsum
1004 1241 1075 1284 pro
1097 1228 1313 1271 divinitatis
1338 1243 1433 1271 suae
1461 1229 1652 1284 potentia,

107 1296 322 1341 saansibi
342 1296 510 1339 hominis
530 1296 730 1338 affluxisse
754 1303 947 1338 naturam.
1012 1294 1054 1338 ld
1081 1298 1183 1352 quod
1206 1298 1424 1354 scripturae
1449 1298 1514 1339 illa
1535 1296 1659 1339 verba

109 1366 333 1418 declarant,
379 1366 537 1407 Verbum
557 1379 649 1406 earo
669 1366 812 1418 factum
838 1373 908 1406 est.
972 1363 1084 1419 Quae
1106 1365 1254 1407 idcirco
1279 1366 1332 1407 ita
1354 1372 1544 1422 concepta
1567 1372 1863 1408 sunum-mm.

109 1447 162 1477 ae
189 1433 380 1491 quispiam
410 1433 484 1477 sibi
516 1435 615 1475 forte
644 1434 900 1490 persuaderet
936 1433 1099 1490 primum
1137 1434 1332 1476 hominem
1365 1434 1573 1486 extitisse,
1619 1433 1659 1475 in

110 1514 277 1559 eamque
313 1509 451 1559 postea
478 1501 670 1544 infudisse
703 1515 746 1543 se
780 1499 998 1544 Christum.
1059 1500 1122 1544 Ob
1153 1502 1189 1543 id
1221 1502 1383 1544 verbum
1417 1502 1543 1559 primo
1571 1500 1659 1544 loco

109 1578 405 1615 sacrosanctum
440 1571 687 1626 evangelium
721 1571 872 1625 posuit,
913 1570 1053 1612 deinde
1084 1569 1174 1625 quid
1201 1571 1249 1612 de
1272 1584 1391 1613 carne
1414 1573 1662 1627 profiteretur

109 1638 303 1684 subiecitz
352 1640 530 1688 Verbum,
574 1638 719 1695 inquit,
760 1654 850 1679 caro
871 1640 1014 1692 sac-mm
1039 1646 1108 1679 est.
1170 1637 1264 1680 Non
1297 1639 1397 1680 dixit
1427 1637 1535 1681 Caro
1572 1653 1661 1682 ver—

110 1708 201 1752 bam
226 1715 290 1751 eat
311 1708 436 1759 facta,
468 1722 546 1764 quo
567 1707 745 1749 nimirum
771 1708 934 1749 verbum
955 1707 1133 1763 inprimis
1159 1707 1390 1750 ostenderet
1408 1708 1662 1750 descendisse

111 1777 163 1820 de
189 1777 325 1828 coelo,
371 1775 522 1832 sibique
550 1789 707 1818 carnem
744 1789 766 1816 e
789 1790 904 1818 sacro
938 1776 1104 1831 virginis
1135 1782 1248 1817 utero
1278 1777 1495 1828 formasse,
1545 1784 1661 1832 atque

113 1858 269 1888 omnem
297 1843 338 1886 in
367 1858 457 1886 sese
490 1845 664 1900 perfecte
696 1851 872 1886 naturam
903 1844 1071 1886 hominis
1095 1844 1360 1901 expressisse.
1422 1842 1524 1886 Cum
1557 1845 1662 1886 enim

114 1911 169 1956 ita
190 1911 384 1968 loquitur,
418 1914 576 1954 Verbum
600 1927 692 1953 earo
721 1914 865 1967 factum
887 1921 965 1962 est,
1011 1927 1088 1954 non
1112 1913 1204 1955 illud
1226 1913 1394 1965 indicat,
1439 1913 1600 1955 verbum
1623 1913 1662 1954 in

116 1993 275 2024 earnem
298 1979 420 2023 fuisse
441 1994 699 2033 conversum,
741 1988 810 2023 aut
829 1982 869 2023 in
892 1995 978 2024 eam
1001 1982 1161 2023 omnino
1181 1982 1386 2024 transiisse
1401 2014 1412 2034 ,
1457 1983 1543 2024 sive
1565 1981 1663 2024 divi-

115 2049 278 2092 nitatem
299 2047 341 2090 in
362 2062 518 2091 carnem
539 2063 628 2092 esse
651 2056 854 2102 mutatam,
887 2064 1023 2092 verum
1049 2064 1136 2092 cum
1159 2049 1363 2092 divinitate
1385 2050 1549 2093 verbum
1572 2065 1662 2107 pro-

117 2117 240 2173 pria-
270 2115 438 2159 bominis
466 2117 727 2173 assumpsisse
757 2125 952 2160 naturam.

231 2183 456 2242 Quinetiam
471 2186 718 2239 procedebat,
760 2186 909 2241 inquit,
940 2190 1048 2228 Iesus
1071 2194 1195 2227 aetate
1212 2201 1259 2228 ac
1277 2190 1475 2240 sapientia.
1540 2187 1662 2243 Atqui

118 2253 152 2297 ai
178 2253 346 2296 hamana
377 2260 508 2295 mente
539 2260 717 2304 careret,
760 2255 974 2310 procedere
1007 2254 1074 2310 qni
1105 2255 1254 2311 poluit?
1301 2263 1342 2297 ut
1370 2270 1392 2297 a
1424 2255 1537 2298 nobis
1571 2263 1661 2297 ante
1677 2240 1856 2319 ιχχξζῖἦ

118 2321 353 2379 disputatum
376 2329 453 2364 est.
514 2319 590 2364 Cni
614 2328 654 2364 et
677 2328 835 2364 sanctus
859 2323 921 2364 dei
949 2323 1135 2379 propheta
1161 2322 1303 2365 Esaias
1326 2324 1585 2379 adstipulatur
1606 2323 1665 2364 his

121 2389 280 2433 vorbis·
268 2420 280 2432 .
313 2392 413 2431 Eece
433 2392 621 2443 thlellae'get
637 2404 768 2431 serm
787 2405 890 2431 meus
905 2393 1087 2439 delectus,
1121 2395 1159 2432 in
1180 2407 1254 2445 quo
1276 2394 1372 2432 mim
1381 2394 1527 2445 placete.
1591 2390 1663 2434 Ubi
1687 2403 1772 2435 Buai.
1785 2405 1827 2440 42,
1845 2405 1868 2432 ι.

122 2470 202 2502 vox
227 2458 294 2501 illa
325 2460 567 2511 &tellegendi
593 2458 640 2500 ad
668 2459 878 2514 perfectam
912 2458 1078 2501 bominis
1112 2466 1289 2501 naturam
1324 2461 1510 2501 refertur.
1572 2458 1665 2501 Non

121 2526 226 2570 enim
252 2527 472 2583 intelligere
503 2527 703 2582 quisquam
729 2532 881 2582 potest,
924 2527 999 2569 nisi
1035 2534 1164 2569 mente
1190 2528 1242 2570 sit
1266 2528 1487 2584 praeditus,
1531 2541 1604 2569 nec
1626 2529 1665 2569 in

121 2594 325 2638 divinitate
356 2601 484 2652 potest
518 2595 620 2636 istud
653 2594 820 2650 impleri.
882 2593 1078 2650 Quoniam
1108 2609 1180 2637 nec
1214 2595 1471 2651 intelligentia
1499 2595 1664 2651 indiget,

122 2676 222 2721 quae
243 2662 329 2719 ipsa
348 2677 417 2720 per
436 2677 526 2706 sese
544 2662 595 2705 sit
612 2662 892 2718 intelligentia3
924 2676 1049 2718 neque
1071 2664 1261 2719 sapientia
1283 2678 1381 2720 opus
1403 2664 1533 2715 habet,
1567 2677 1666 2719 quae

123 2738 187 2776 est
206 2731 291 2789 ipsa
315 2730 523 2788 sapientia.
586 2729 697 2774 Unde
729 2731 968 2786 intelligendi
992 2731 1222 2773 vocabulum
1247 2732 1293 2773 ad
1322 2733 1526 2774 humanam
1558 2746 1667 2774 men-

125 2807 203 2842 tem
225 2800 453 2842 necessario
475 2799 659 2856 pertinet.
719 2797 932 2841 Praeterea
957 2799 1048 2840 volo
1073 2799 1164 2841 illud
1193 2799 1284 2841 mihi
1308 2800 1439 2850 dicas,
1483 2800 1667 2856 quemad-

125 2868 280 2911 nodum
301 2868 453 2910 esurire
475 2868 659 2925 potuerit.
720 2866 824 2909 Nam
848 2866 882 2908 si
902 2867 995 2909 nihil
1018 2874 1176 2923 praeter
1198 2881 1355 2909 carnem
1383 2868 1539 2919 habuit,
1572 2883 1667 2925 qno-

127 2937 241 2980 modo
268 2936 382 2978 famia
403 2937 602 2979 recordari
623 2936 772 2993 potuit?
811 2943 877 2977 aut
899 2935 933 2977 si
958 2949 1011 2977 ex
1039 2935 1166 2977 anima
1192 2935 1275 2977 sola
1298 2944 1498 2979 constaret
1519 2944 1560 2979 et
1581 2952 1669 2980 cor·

129 3017 250 3060 pore,
293 3004 345 3046 ita
368 3011 410 3047 nt
433 3005 616 3047 facultate
641 3004 706 3046 illa
735 3010 889 3046 careret
907 3003 1057 3053 anima,
1101 3017 1198 3059 quae
1222 3004 1373 3046 ratione
1393 3005 1567 3062 praedita
1589 3013 1665 3058 est,

130 3071 204 3115 hoc
233 3079 294 3114 est
314 3073 468 3129 propria
498 3080 627 3116 mente
649 3071 815 3115 bominis
840 3078 880 3114 et
909 3072 1163 3128 intelligentia
1187 3075 1282 3128 (quo
1314 3075 1468 3116 nomine
1502 3089 1580 3117 uon
1603 3075 1668 3117 de-

1294 3154 1396 3197 25*
