2020 3276
403 201 483 245 764

445 289 531 323 dem.
567 308 607 316 ο·-
655 287 778 333 triplex
811 297 868 320 vas
899 286 1041 320 vitreum
1077 298 1151 320 cum

445 345 567 391 triplici
591 344 658 378 vini
679 343 864 378 mutatione
881 343 961 378 ibid.
987 363 1028 370 —
1078 345 1151 377 Ire-

445 403 520 437 naei
543 401 701 436 adversus
722 400 907 436 Mareosios
930 400 1023 436 locus
1045 399 1127 435 ibid.

399 459 641 494 Marcosiorum
693 457 891 492 eucharistia
926 457 969 492 ab
1012 457 1149 492 Irenaeo

443 516 613 562 descripta
649 515 730 550 ibid.
754 534 799 542 —
856 526 959 549 vanae
979 514 1149 549 illusiones

444 584 526 619 erga
550 573 689 607 feminas
713 575 790 607 234.

398 632 531 665 Marcus
551 630 676 676 philtra
696 629 887 664 mulieribus
905 629 1058 675 praebuit
1072 631 1149 663 235.

398 699 637 734 Marcosiorum
660 710 767 744 nugae
787 701 920 732 236.-
951 697 1149 743 principium

443 763 478 790 et
502 762 674 790 auctorem
697 755 842 790 omnium
869 761 993 789 vocant
1015 754 1150 788 nomine

442 820 585 859 quatuor
599 812 703 847 literis
720 813 866 847 conflato
888 823 974 858 quae
996 818 1149 846 crescunt

444 881 547 916 usque
570 870 614 904 ad
640 870 853 904 tricenarium
876 872 954 904 237.
978 888 1023 896 -
1069 880 1149 904 cor-

441 938 503 973 pus
526 933 636 961 totum
659 927 833 962 elementis
855 927 1026 961 literarum
1053 938 1147 960 com·

441 991 572 1031 ponunt
596 987 672 1019 288.
700 1004 738 1011 -—
786 986 875 1018 Iesus
907 984 978 1018 sive
1010 981 1150 1028 Ἰησοῦς

441 1053 564 1076 nomen
588 1042 684 1088 quale
707 1041 796 1088 apud
818 1052 878 1076 eos
901 1044 977 1076 289.
1003 1062 1046 1069 -
1091 1053 1147 1075 se-

442 1100 536 1134 nario
558 1111 698 1133 numero
731 1111 815 1145 quae
838 1097 996 1145 mysteria
1018 1098 1144 1133 adscri-

441 1157 523 1191 bant
542 1159 619 1191 240.
640 1175 685 1183 -
713 1156 796 1190 item
812 1155 1004 1201 septenario
1016 1159 1092 1189 241.
1106 1175 1148 1182 -

440 1221 545 1249 tetras
567 1215 700 1248 illorum
722 1212 828 1260 qualis
852 1216 930 1247 242.

396 1283 551 1318 Marcosii
571 1283 688 1330 quibus
710 1294 750 1316 ex
769 1281 952 1328 scripturae
966 1282 1049 1316 locis
1064 1294 1149 1328 pro-

441 1341 523 1374 bent
555 1351 766 1374 numerorum
800 1339 959 1385 mysteria
994 1339 1148 1384 tetradis,

442 1398 623 1444 ogdoadis,
650 1396 797 1437 decadis,
821 1396 1005 1431 dodecadis
1028 1403 1062 1430 et
1084 1397 1146 1430 tri—

443 1455 566 1489 cenarii
586 1457 662 1488 249.
682 1457 759 1488 250.
785 1457 862 1488 251.
887 1456 964 1488 252.
986 1473 1031 1480 -
1067 1465 1147 1499 pas-

440 1512 502 1546 sim
516 1511 592 1546 libri
610 1523 725 1546 eorum
741 1511 928 1556 apocryphi
948 1517 982 1545 et
1006 1511 1148 1545 conficta

441 1569 485 1603 de
511 1569 643 1603 Christo
665 1568 805 1602 historia
828 1571 904 1602 253.
971 1602 977 1607 ,

395 1637 634 1672 Marcosiornm
657 1636 847 1683 redemptio
871 1640 947 1671 254.
971 1657 1015 1663 -
1062 1648 1148 1682 qno-

441 1694 544 1728 modo
569 1693 718 1728 initiatos
742 1701 939 1728 consecrent
962 1697 1038 1728 256.

395 1764 528 1797 Marcus
563 1762 779 1807 quamobrem
821 1762 1028 1808 evangelium
1071 1770 1150 1808 post

440 1820 649 1854 Matthaeum
675 1819 846 1864 scripserit
870 1823 946 1854 248.
973 1839 1014 1846 --
1060 1820 1149 1854 Petri

441 1889 552 1911 comes
586 1876 672 1917 fuit,
706 1883 741 1910 et
776 1888 858 1910 unus
891 1889 911 1910 e
938 1876 1149 1922 septuaginta

439 1934 568 1968 duobus
592 1933 761 1979 discipulis
787 1933 910 1968 Christi
932 1933 1014 1967 ibid.
1037 1953 1083 1959 —
1112 1934 1147 1967 in

442 1995 630 2037 Aegyptum
656 2003 676 2024 a
709 1991 812 2025 Petro
846 1990 962 2024 missus
996 1989 1078 2024 ibid.
1104 2011 1148 2017 —

440 2048 529 2082 unde
549 2047 681 2081 initium
704 2047 867 2092 evangelii
899 2047 1041 2092 sumpsit
1067 2047 1147 2082 ibid.

394 2106 488 2140 Mare
511 2111 679 2138 mortuum
711 2104 801 2138 idem
825 2116 899 2138 cum
931 2104 1019 2138 valle
1038 2104 1146 2138 salsu-

439 2162 556 2207 ginosa
579 2164 633 2194 40.

393 2219 500 2254 Maria
523 2218 720 2253 honoranda
735 2217 869 2264 quidem
883 2218 945 2252 sed
968 2230 1036 2253 non
1060 2218 1146 2253 ado-

438 2276 543 2310 randa
570 2278 669 2310 1065.

314 2352 320 2362 ›
392 2334 534 2368 Mariam
553 2339 718 2378 perpetuo
739 2332 899 2378 virginem
925 2333 1026 2366 fuisse
1049 2335 1148 2367 1040.

394 2391 521 2426 Mariae
554 2390 728 2436 virginitas
759 2397 795 2425 et
816 2401 908 2424 error
941 2390 1147 2436 quorundam

438 2448 684 2482 haereticorum
702 2447 790 2481 circa
799 2446 889 2482 illam
901 2450 990 2480 1040
1001 2455 1036 2480 et
1049 2450 1151 2482 1041.

393 2517 499 2552 Maria
521 2529 564 2550 an
586 2523 720 2550 mortua
742 2516 807 2556 sit,
831 2527 895 2550 nec
917 2527 960 2549 ne
985 2515 1149 2562 scriptura

438 2586 506 2608 non
530 2573 680 2608 meminit
704 2576 803 2606 1043.
830 2593 871 2598 -
909 2573 1042 2608 dubitat
1065 2573 1147 2618 Epi-

439 2632 579 2677 phanius
602 2642 644 2665 an
666 2638 798 2664 mortua
818 2629 864 2664 sit
885 2630 965 2664 ibid.

393 2689 520 2723 Mariae
543 2688 730 2722 encomium
753 2690 853 2720 1050.
880 2706 920 2713 -
959 2687 1086 2721 Mariae
1108 2699 1148 2720 ac

438 2747 528 2779 Evae
575 2745 709 2790 elegans
757 2744 933 2778 antithesis
975 2743 1055 2777 ibid.
1103 2763 1147 2770 —

439 2804 509 2835 Eva
542 2809 620 2846 post
651 2807 826 2847 peceatum
848 2801 915 2835 hoc
939 2811 1059 2834 nomen
1082 2800 1146 2834 ha-

439 2859 513 2892 buit
533 2858 615 2892 ibid.

394 2915 500 2948 Maria
534 2927 631 2949 soror
664 2922 780 2949 nostra
814 2915 879 2948 fuit
913 2914 1073 2948 videlicet
1104 2914 1146 2948 ab

442 2970 569 3005 adamo
592 2979 666 3006 orta
690 2975 790 3006 1003.

395 3027 522 3060 Mariae
555 3028 728 3072 integritas
762 3040 846 3074 qnae
879 3029 971 3063 nullo
1005 3040 1146 3074 unquam

440 3082 523 3116 vitio
547 3083 613 3117 fuit
634 3085 806 3131 inquinata
829 3087 906 3121 352.

1003 204 1147 241 mmm
1169 203 1340 241 RERUM.

1197 286 1301 321 Maria
1334 286 1459 321 nullum
1489 285 1746 324 sodo-intin-
1767 298 1886 324 -nus
1905 300 1946 324 ae

1241 355 1284 378 ne
1306 342 1498 389 baptizandi
1520 342 1655 389 quidem
1675 344 1790 391 attigit
1812 347 1910 381 1052.

1196 401 1335 435 Mariam
1358 400 1492 446 qnidam
1516 412 1589 435 esse
1612 400 1711 437 dm
1735 401 1946 438 mdidmnt

1242 462 1342 492 1054.

1196 516 1297 551 Maris
1331 515 1423 550 rubri
1455 522 1573 561 portus
1594 527 1636 550 ac
1657 515 1777 562 quib-
1797 515 1947 552 nonini-

1239 572 1300 607 bus
1324 571 1475 607 distincti
1498 574 1576 607 818.

1196 630 1337 664 Marium
1375 641 1449 663 cnm
1484 629 1616 664 feminis
1652 629 1843 666 coniunctio
1874 630 1946 665 sive

1242 686 1452 733 coniugium,
1485 687 1608 720 Psrens
1629 686 1701 721 sive
1724 687 1851 733 Bythos
1872 698 1946 723 um

1242 745 1417 785 Ennoaea,
1463 742 1616 789 Unigena
1658 743 1729 787 sire
1766 745 1837 780 Nus
1871 755 1946 778 enm

1241 801 1411 842 Veritate,
1442 802 1562 835 Sermo
1593 812 1669 835 οιιιιι
1700 799 1802 843 Vin,
1834 801 1946 840 Homo

1241 869 1315 891 cnm
1339 857 1485 892 Ecclesia
1517 856 1697 892 secundnm
1731 857 1946 895 Valentinum

1241 927 1281 949 ex
1306 916 1442 949 irenaeo
1460 917 1536 949 175.

1195 984 1317 1018 Marini
1351 983 1441 1017 canis
1473 983 1572 1018 sibilo
1606 983 1753 1030 viperam
1775 983 1947 1020 evoe-ntia

1241 1053 1315 1076 cum
1331 1041 1524 1076 Ptolemaeo
1546 1040 1717 1076 haeretico
1740 1041 1875 1077 Floram
1889 1052 1948 1076 se-

1240 1099 1386 1133 ducente
1409 1097 1617 1144 comparatio
1639 1101 1717 1133 228.

1195 1156 1346 1190 Marthus
1367 1161 1403 1189 et
1425 1156 1602 1190 Martbana
1623 1166 1757 1190 sorores
1778 1167 1820 1190 ex
1840 1155 1946 1203 stirpe

1241 1212 1334 1248 Elxai
1358 1213 1525 1259 principes
1547 1213 1641 1247 istius
1662 1219 1778 1247 sectae
1797 1215 1855 1248 41.

1196 1283 1382 1328 Martyrum
1418 1281 1545 1327 duplex
1575 1281 1695 1316 chorus
1720 1280 1802 1316 ‘sive
1844 1293 1947 1328 genus

1195 1343 1337 1432 Μιξῑίἒε
1361 1396 1509 1442 pluribus
1528 1395 1637 1431 modis
1659 1396 1801 1431 sumitur
1823 1396 1903 1431 285.

1196 1466 1358 1500 Materiae
1380 1465 1553 1511 multiplex
1575 1464 1749 1511 acceptio,
1773 1463 1865 1512 qnod
1885 1476 1948 1499 ex-

1241 1522 1360 1568 emplis
1385 1523 1423 1557 fit
1445 1522 1659 1556 manifestum
1681 1524 1757 1556 885.

1196 1581 1386 1615 Matthaeus
1426 1591 1484 1614 cur
1531 1578 1738 1624 evangelium
1770 1590 1791 1613 a
1826 1577 1948 1613 Christi

1238 1637 1455 1684 generatione
1472 1636 1642 1683 inceptum
1659 1634 1831 1682 scripserit
1845 1637 1924 1670 427.

1196 1707 1386 1742 Matthaeus
1409 1705 1535 1751 primns
1568 1704 1716 1739 omnium
1740 1704 1947 1750 evangelium

1240 1763 1375 1810 scripsit
1405 1765 1483 1796 425.
1513 1781 1559 1788 -
1628 1773 1686 1796 cur
1717 1760 1792 1807 ipse
1823 1761 1948 1808 primus

1240 1820 1410 1866 scripserit
1430 1819 1511 1854 ibid.
1537 1838 1584 1844 —
1639 1818 1805 1854 nebu-nie·
1835 1818 1948 1864 lingna

1239 1877 1373 1922 scripsit
1403 1875 1597 1922 incepitqne
1621 1887 1641 1910 a
1666 1875 1789 1910 Christi
1819 1887 1947 1922 genea-

1239 1934 1329 1980 logia
1351 1936 1430 1967 426.

1196 1992 1385 2026 Matthaeus
1427 1991 1517 2024 solus
1560 1989 1769 2036 evangelium
1817 1989 1946 2025 Graece

1239 2048 1373 2094 scripsit
1397 2051 1474 2082 127.
1596 2049 1600 2051 ’

1196 2105 1408 2140 Matrimonia
1439 2116 1524 2151 quae
1556 2104 1662 2139 tribus
1682 2103 1773 2139 inter
1801 2114 1840 2139 se
1861 2114 1948 2138 eon-

1239 2163 1415 2208 iungerent
1439 2164 1538 2196 1045.

1197 2220 1381 2254 Matutinae
1403 2219 1517 2253 laudes
1540 2231 1582 2254 ac
1602 2229 1718 2264 preces
1750 2218 1786 2253 in
1808 2216 1947 2253 ecclesia

1239 2276 1311 2310 fieri
1333 2276 1454 2311 solitae
1485 2278 1584 2310 uos.

1195 2345 1470 2380 Massalianornm
1515 2355 1609 2378 error
1649 2344 1816 2378 refutatur
1859 2343 1947 2379 cirea

1239 2402 1413 2436 mulierum
1435 2413 1529 2435 nsum
1553 2401 1777 2447 promiscuum
1801 2403 1901 2436 1074.

1196 2459 1468 2494 Massalianorum
1510 2458 1656 2492 haeresis
1689 2457 1809 2504 quibu
1843 2469 1945 2493 acee-

1240 2517 1325 2550 dunt
1338 2516 1533 2562 Martyriani
1555 2527 1575 2549 e
1598 2514 1773 2561 gentilium
1793 2525 1944 2556 numm,

1240 2586 1302 2608 nec
1324 2585 1393 2607 non
1416 2580 1453 2606 et
1466 2572 1684 2618 Euphemitae
1705 2579 1741 2606 et
1762 2572 1945 2613 miani,

1239 2643 1325 2677 quae
1347 2638 1398 2665 est
1420 2629 1568 2665 haeresis
1592 2632 1645 2664 ⁶8.
1658 2654 1671 2670 ,
1706 2628 1780 2663 sive
1801 2635 1945 2674 octoge-

1238 2689 1320 2722 sima
1345 2690 1443 2721 1067.
1459 2706 1504 2713 --
1527 2698 1643 2720 eorum
1664 2685 1786 2730 dogma
1806 2684 1889 2719 ibid.
1903 2704 1945 2712 -

1240 2745 1328 2779 unde
1352 2744 1434 2778 dicti
1455 2744 1536 2778 ibid.
1564 2762 1606 2770 —
1650 2741 1783 2788 quando
1804 2742 1946 2787 prodie-

1238 2807 1317 2836 runt
1358 2801 1440 2835 ibid.
1485 2819 1530 2827 -
1590 2809 1723 2833 eorum-
1740 2799 1946 2844 prosencbae

1240 2861 1340 2892 1068.
1363 2877 1406 2884 -
1451 2858 1496 2891 de
1528 2856 1625 2891 coelo
1658 2861 1794 2900 tactae,
1830 2862 1866 2890 et
1886 2856 1944 2890 nbi

1238 2915 1322 2949 ibid.
1336 2934 1379 2941 -
1403 2914 1603 2959 Lupicinum
1615 2911 1832 2947 Massalianos
1845 2918 1944 2947 vexat

1238 2971 1320 3005 ibid.
1343 2991 1388 2997 —-
1442 2970 1521 3004 inde
1542 2968 1835 3015 pseudomartyres
1858 2969 1943 3004 bae-

1239 3028 1420 3062 reticornm
1441 3026 1522 3061 ibid.
1547 3026 1671 3071 --qui
1689 3032 1723 3059 et
1746 3026 1942 3073 Martyriani

1238 3083 1319 3117 dicti
1339 3083 1420 3117 ibid.
