1976 3262
429 172 719 234 muamus-
737 185 799 223 ui.
820 188 933 227 Tou.
948 173 978 227 ι’·
997 189 1132 228 ma.
1151 192 1312 227 nxx111.
1563 185 1642 228 113

91 271 203 314 thei
227 265 429 324 Scriptum
453 280 478 309 a
500 259 616 311 vobis
635 274 699 312 est
720 267 888 312 similem
910 283 1002 314 esso
1019 270 1224 316 voluntate
1248 273 1393 325 lilium,
1424 272 1645 316 substantia

95 332 348 389 dissimile-3
389 336 491 378 unde
514 335 1049 396 illota-traseripsimus,
1097 355 1175 383 non
1200 341 1285 383 sola
1306 341 1531 395 voluntate,
1574 341 1646 384 sed

79 403 376 455 <assultantis
397 389 733 467 simitum&
751 402 1102 464 Quouis-‘igitur
1134 409 1245 464 primi
1271 409 1514 453 substantiae
1536 424 1645 453 men-

0 530 1 533 *
93 473 241 519 tinem
259 472 436 525 fecistis,
469 486 556 515 cum
575 465 804 517 dissimilem
825 475 919 519 &s
936 472 1156 519 substantia
1177 477 1359 521 dixeritis
1372 509 1384 530 ‚
1419 486 1536 535 atque
1556 479 1646 522 ideo

0 539 6 543 ’
93 540 339 587 ”bustiae
356 555 500 584 nomen
523 555 546 583 e
571 542 700 584 medio
721 539 862 586 tollere
888 543 1106 596 studeatis,
1151 560 1228 601 quo
1259 546 1342 588 sola
1370 547 1570 590 voluntate
1594 547 1649 590 si·

95 608 228 655 bilem
261 620 353 654 esse
383 610 602 652 defendatis
634 610 778 663 filium,
822 610 858 653 si
879 625 934 653 ex
955 612 1074 654 animi
1102 614 1224 655 vestri
1257 615 1453 656 sententia
1479 616 1648 659 similem

93 679 137 724 iu
156 678 339 723 omuibus
356 693 448 722 esse
470 679 569 735 patri
594 677 712 721 lilium
744 680 949 732 statuatis,
992 681 1173 723 damnate
1203 682 1292 724 illos
1317 683 1564 725 anathemate
1583 684 1649 740 qui

93 747 359 793 similitudinis
379 747 605 790 discrimine
626 755 869 804 agnoscunt,
911 755 1028 804 atque
1050 748 1102 791 ita
1120 750 1347 792 scribitote:
1391 750 1436 793 Si
1459 754 1545 808 quis
1570 767 1649 795 uon

254 816 264 826 '
292 828 342 860 us
371 815 538 859 similem
572 829 662 859 esse
696 816 797 873 patri
826 816 945 858 filium
979 817 1148 869 dixerit,
1195 819 1517 874 quemadmodum
1549 821 1650 878 patri

258 891 323 928 cst
340 884 466 937 filius,
507 885 578 928 sed
610 884 812 927 voluntate
839 885 1028 938 similem,
1069 886 1288 929 substantia
1308 887 1534 930 dissimilem
1560 903 1651 931 esse

251 984 268 1007 ‚
310 952 519 997 asatbema
545 953 614 995 sit.
674 950 891 996 Praeterea
911 953 946 996 si
967 954 1212 998 substantiae
1237 970 1380 998 nomen
1414 971 1651 1000 commemo-

209 1021 359 1074 velint,
401 1035 449 1065 ac
479 1021 562 1065 suis
584 1021 759 1079 ipsorum
789 1021 1143 1079 subscriptionibus
1174 1024 1394 1080 refragari,
1439 1026 1542 1069 sacta
1566 1025 1653 1068 ubi·

198 1089 447 1134 substautiae
479 1090 680 1133 mentione
710 1089 760 1133 iis
783 1103 882 1146 quae
905 1098 1038 1147 patres
1062 1093 1229 1149 professi
1252 1100 1345 1135 sunt
1366 1094 1650 1146 assentiantur,

8 1206 12 1210 ,
98 1171 180 1203 son
208 1157 416 1203 vot-atate
444 1159 587 1211 modo,
630 1159 700 1201 sed
728 1166 769 1201 et
791 1160 892 1215 quod
917 1160 965 1202 ad
990 1173 1080 1203 esse
1105 1160 1232 1218 ipsum
1253 1162 1416 1214 attinet,
1459 1176 1504 1204 ac
1524 1162 1652 1205 subsi-

98 1226 308 1279 stentis..
348 1234 389 1270 et
416 1226 697 1280 existentiam,
743 1235 865 1284 atque,
885 1228 925 1270 in
951 1229 1132 1272 omnibus
1162 1230 1330 1287 denique
1359 1230 1526 1273 similem
1561 1245 1651 1273 esse

97 1295 200 1354 putri
217 1295 336 1339 fllium
356 1302 559 1349 asserant,
591 1297 912 1352 quemadmodum
935 1297 1075 1341 similis
1096 1307 1158 1341 est
1179 1300 1279 1356 patri
1303 1299 1428 1352 filius,
1461 1299 1516 1342 uti
1539 1314 1653 1342 sacra

97 1364 238 1408 literae
265 1370 477 1407 testantur.

210 1429 400 1476 Ceterum
432 1433 655 1489 propositae
679 1433 735 1476 illi
766 1433 855 1476 fidei
876 1434 1143 1489 confessioni,
1184 1450 1260 1492 qna
1284 1436 1386 1479 filius
1408 1437 1449 1479 iu
1471 1437 1653 1480 omnibus

11 1518 15 1526 ‚
98 1500 200 1560 patri
228 1499 370 1544 similis
399 1513 491 1543 esse
525 1501 730 1554 delinitur,
772 1501 827 1543 ita
857 1502 1192 1560 subscripserunt.
1253 1503 1415 1547 Marcus
1446 1507 1654 1563 episcopus

8 1567 10 1569 ’
99 1569 343 1613 Αηὼωἰιο
363 1569 419 1611 ita
440 1569 560 1612 credo
583 1576 624 1612 et
643 1570 774 1613 sentio
797 1578 838 1612 ut
862 1585 981 1628 supra
1003 1572 1190 1629 scriptum
1217 1580 1293 1616 est.
1354 1573 1508 1616 Eodem
1538 1574 1654 1616 modo

99 1644 143 1681 et
162 1638 230 1695 qni
250 1637 415 1681 aderaut
446 1637 781 1695 subscripserunt.
842 1639 900 1681 At
920 1638 1071 1682 Valens
1093 1640 1195 1683 bunc
1219 1642 1260 1684 in
1282 1643 1462 1686 modum:
1505 1640 1655 1698 Quem-

97 1705 305 1750 sd-odnin
334 1719 384 1749 es
412 1713 530 1749 nocte
564 1721 677 1763 quam
712 1708 797 1751 dies
827 1705 1088 1751 Pentecostes
1119 1719 1256 1752 secuta
1282 1718 1368 1763 est,
1410 1710 1654 1768 superiorem

99 1773 203 1818 huc
221 1773 551 1832 subscriptionem
574 1776 837 1829 ediderimus,
880 1784 1027 1819 norunt
1061 1778 1229 1833 quitum
1262 1786 1492 1836 praesentes
1523 1786 1653 1831 erant,

100 1855 150 1887 so
167 1843 256 1901 pius
274 1842 454 1901 inprimis
474 1843 711 1901 imperator,
752 1845 852 1902 apud
874 1859 989 1901 quem
1013 1852 1053 1887 et
1070 1846 1157 1888 siue
1174 1848 1322 1904 scripto
1341 1862 1427 1891 sum
1446 1854 1487 1890 et
1508 1847 1656 1904 scripto

99 1917 361 1956 contestatus.
421 1910 518 1955 Post
547 1912 644 1955 baec
663 1928 751 1956 cum
777 1912 928 1957 Valens
950 1927 1023 1956 suo
1049 1929 1159 1957 more
1178 1915 1500 1974 subscripsisset,
1545 1923 1585 1958 et
1607 1916 1656 1958 ad

99 1978 430 2037 subseiiptionem
451 1981 686 2035 addidisset,
728 1982 895 2024 similem
921 1996 1012 2025 esse
1043 1983 1144 2039 patri
1167 1984 1315 2037 lilium,
1362 1985 1655 2042 praetermissis

20 2038 23 2062 ⁵
101 2047 164 2092 liis
186 2047 376 2102 vocibus,
419 2052 465 2091 In
488 2051 680 2100 omm'bus,
725 2065 891 2107 cumque
914 2064 963 2093 ea
986 2065 1030 2094 re
1055 2052 1321 2107 declarasset,
1368 2067 1482 2110 quem
1503 2054 1543 2096 in
1564 2067 1655 2096 sen-

102 2129 191 2161 sum
208 2129 259 2160 ea
277 2130 379 2175 quae
401 2118 549 2174 scripta
571 2120 727 2162 fuerant
748 2119 1028 2176 approbasset,
1073 2134 1119 2163 ae
1140 2122 1464 2177 quemadmodum
1488 2122 1657 2165 consub-

8 2215 21 2228 .-
101 2185 298 2229 stantialis
321 2200 462 2230 vocem
486 2186 747 2243 intelligeret,
793 2187 880 2245 pius
904 2188 978 2230 boc
1005 2189 1220 2246 imperator
1243 2190 1493 2243 observavit,
1536 2200 1578 2233 et
1596 2198 1655 2243 ut,

87 2255 150 2296 ⁴!ae
170 2255 364 2314 omuibus,
409 2254 600 2298 adiiceret
630 2255 785 2311 coegit,
830 2256 946 2312 idque
981 2264 1024 2299 ut
1052 2258 1183 2301 iussus
1214 2266 1301 2301 erat
1330 2259 1541 2316 praestitit.
1601 2259 1660 2300 At

102 2315 278 2367 Basilius
303 2323 526 2381 suspicatus
559 2337 680 2366 voees
711 2323 824 2377 illas,
867 2328 914 2367 In
945 2327 1135 2376 omnibus,
1180 2340 1233 2369 ex
1264 2328 1421 2384 propria
1450 2334 1582 2370 mente
1612 2341 1658 2369 ac

17 2423 22 2428 -
102 2402 225 2436 seusu
244 2392 294 2436 ad
320 2391 526 2435 formulam
552 2392 752 2446 adiectas,
798 2406 885 2435 cum
907 2395 1131 2452 exemplum
1154 2395 1416 2452 professionis
1443 2396 1547 2437 illius
1578 2393 1658 2437 Va·

4 2508 6 2511 y
35 2456 39 2459 ’
101 2458 191 2503 leus
210 2473 300 2504 cum
325 2460 410 2504 snis
434 2460 579 2504 babere
602 2461 744 2513 vellet,
788 2462 890 2517 quod
922 2476 1056 2506 secum
1080 2463 1128 2505 ad
1149 2462 1443 2506 Ariminensem
1465 2464 1658 2520 synodum

14 2516 21 2530 ’
104 2526 305 2582 atomi,
350 2527 425 2571 boc
447 2530 563 2572 modo
584 2529 840 2585 subscripsit:
884 2528 1057 2574 Basilius
1079 2531 1287 2589 episcopus
1314 2533 1500 2590 Ancyrae
1523 2532 1659 2585 credo,

12 2593 29 2634 ss
103 2602 148 2640 st
166 2596 367 2640 assentior
390 2597 441 2641 iis
471 2611 573 2654 quae
605 2612 724 2656 supra
749 2597 892 2654 scripta
918 2606 1031 2652 sunt,
1078 2600 1245 2643 similem
1271 2601 1310 2642 in
1336 2600 1516 2642 omnibus
1541 2600 1662 2643 eonfi-

35 2715 36 2718 ,
107 2670 196 2708 tens
219 2665 342 2723 patris
371 2679 463 2709 esse
487 2666 622 2710 lilium.
683 2670 729 2709 In
756 2667 926 2708 omnibus
949 2681 1048 2710 vero
1078 2683 1165 2711 cum
1198 2669 1310 2721 dico,
1356 2683 1434 2711 non
1460 2668 1662 2711 voluntate

35 2743 37 2746 ’
104 2732 232 2777 solum
251 2733 455 2790 intelligo,
501 2737 571 2778 sed
597 2743 636 2779 et
658 2735 914 2778 subsistentia
935 2743 975 2778 et
999 2736 1239 2789 existentia,
1278 2737 1455 2794 adeoque
1487 2737 1662 2780 essentia

17 2828 35 2873 't
104 2799 217 2859 ipsa,
248 2807 384 2860 utpote
409 2802 553 2856 lilium,
586 2804 688 2861 quod
711 2817 850 2847 sacrae
876 2803 1016 2847 literae
1038 2806 1294 2859 confirmant,
1336 2805 1514 2863 spiritum
1538 2819 1560 2848 e
1582 2804 1663 2863 spi·

28 2871 38 2888 ⁴
105 2867 212 2924 ritu,
241 2870 363 2914 vitam
389 2884 412 2913 e
432 2870 536 2925 vita,
569 2872 698 2916 lumeu
722 2886 744 2915 e
767 2872 930 2925 lumine,
963 2872 1076 2915 deum
1101 2886 1156 2916 ex
1177 2874 1277 2926 deo,
1310 2887 1447 2917 verum
1472 2873 1591 2917 lilium
1610 2887 1663 2916 ex

149 2958 186 2997 8.
206 2962 415 2997 m
444 2967 521 3005 puto
543 2960 593 3004 ὦς
616 2963 659 2999 τὰ
683 2964 740 2999 ἴσα
771 2963 858 3006 ἐστι,
904 2966 961 2998 bui
982 2966 1193 3006 concinentis,
1215 2974 1411 3008 quemquam
1430 2975 1502 2999 eom
1522 2967 1666 2999 omenti

104 3009 137 3040 d
164 3007 348 3049 Humor
379 3005 422 3044 τὰ
452 3008 511 3044 ἶσα
542 3012 728 3052 aponi-opha
765 3011 860 3051 fidem
904 3011 1163 3052 “animationem
1178 3021 1239 3053 quo
1254 3013 1384 3053 probem
1398 3015 1456 3046 sut
1467 3012 1590 3053 firmem
1604 3021 1667 3045 non

107 3051 276 3086 afflet
293 3056 477 3096 sequendo,
498 3064 630 3097 cumque
648 3065 683 3089 eo
702 3058 735 3089 i'n
757 3058 855 3089 omni'-
902 3056 1010 3089 liabeo.

178 3104 298 3144 eonn-
311 3105 495 3138 amum
520 3107 559 3139 tt.
577 3110 603 3139 8.
1364 3118 1388 3159 8
