2020 3276
119 2537 187 2566 pag.
207 2527 285 2558 1⁰35.

128 2859 218 2903 Κεφ.
229 2859 274 2903 γ’.

320 236 402 279 404
895 241 1056 276 samm-¹
1082 241 1307 276 sspmmnu

321 321 536 376 ἐτόλμησαν
565 320 688 376 λέγειν
721 319 793 374 τῆν
825 317 941 377 άγίαν
965 322 1133 377 Μαρίαν
1168 319 1264 375 μετά
1293 318 1365 375 τὴν
1392 323 1465 363 τοῦ
1492 324 1670 377 Χριστοῦ
1690 322 1870 379 γέννησιν

319 391 434 445 ἀνδρὶ
468 393 697 443 συνῆφθαι,
741 389 845 443 φημὶ
875 389 918 432 δὲ
945 386 1051 448 αὐτῷ
1078 393 1133 447 τῷ
1157 387 1315 444 Ἰωσήφ.
1377 389 1482 432 Φασὶ
1512 389 1576 440 δὲ,
1620 387 1674 441 ὥς
1694 388 1779 434 ἅνω
1800 407 1870 445 μοι

318 461 485 515 εἴρηται,
526 456 587 500 ὅτι
610 453 679 500 ἄπ’
703 457 829 501 αὐτοῦ
851 461 923 501 τοῦ
943 459 1169 513 πρεσβύτου
1186 457 1467 514 Ἀπολιναρίου
1490 455 1671 512 ἐξήχηται
1695 454 1721 502 ό
1737 457 1868 515 λόγος,

316 526 344 582 ἢ
366 525 448 570 ἀπό
474 543 593 569 τινων
618 530 699 570 τῶν
731 525 838 584 αὐτῷ
868 526 1249 581 μεμαθητευμένων·
1288 526 1357 568 καὶ
1385 523 1633 580 άμφιβάλλω.
1693 527 1797 583 Περὶ
1824 526 1868 571 δὲ

314 600 394 638 τῶν
413 599 535 638 ταῦτα
558 594 749 651 λεγόντων
771 593 950 651 ἀνάγκην
975 595 1050 650 ἔχω
1071 595 1205 651 λέγειν.
1251 593 1341 636 Ἵνα
1363 593 1407 636 δὲ
1438 591 1492 648 μὴ
1514 594 1570 644 εἰς
1590 591 1775 650 δεύτερον
1793 594 1865 649 κά-

291 692 298 700 ·
317 681 440 719 ματον
460 663 601 707 ἑαυτὸν
622 661 908 721 περιβάλλοιμι,
936 665 1113 717 καθεξῆς
1134 661 1186 717 ἣν
1208 667 1401 718 προεῖπον
1421 666 1641 718 γραφεῖσαν
1660 661 1868 719 Ξπιστολῆν

316 734 371 783 εἰς
399 730 472 787 τῆν
498 730 679 789 Ἀράβων
704 730 836 789 χώραν
865 729 1061 782 ὖποτάξω.
1123 731 1204 773 Καὶ
1234 731 1337 773 ἔστιν
1365 727 1439 784 ἥδε
1459 731 1495 771 *.

435 804 607 858 Κυρίοις
628 818 706 856 μου
726 798 976 856 τιμιωτάτοις
995 801 1064 842 καὶ
1082 797 1376 854 ποθηνοτάτοις
1397 798 1561 851 τέκνοις,
1589 798 1658 842 καὶ
1681 796 1868 852 άδιλφοῖς

315 871 512 926 γνησίοις,
544 870 611 912 καὶ
633 867 863 924 ὁμοπίστοις
885 866 1123 925 ὄρθοδόξοις
1149 865 1230 910 dmi
1255 867 1389 924 ἱερέως
1410 865 1499 924 ἄχρι
1519 872 1681 921 λαϊκοῦ,
1710 868 1780 911 καὶ
1795 885 1866 912 κα-

314 939 570 994 τηχουμένοις
599 944 683 988 τοῖς
714 936 815 981 κατά
846 935 917 991 τὴν
943 936 1157 994 Ἀραβίαν,
1193 933 1456 990 Ἐπιφάνιος,
1486 935 1682 992 ἐλάχιστος
1707 935 1862 981 ἐπισκό-

315 1025 425 1061 πων,
454 1009 613 1064 χαίρειν.

430 1074 652 1130 Θαυμάζειν
672 1076 777 1118 ἔστιν
797 1075 840 1117 ἐν
860 1078 915 1132 τῷ
937 1071 1106 1129 παρόντι
1123 1076 1271 1131 καιρῷ,
1307 1073 1375 1115 καὶ
1393 1071 1448 1127 μῆ
1467 1071 1698 1128 θαυμάζειν.
1759 1075 1864 1116 Θαυ-

312 1142 444 1199 μάζειν
465 1144 558 1199 μὲν,
597 1161 660 1186 οτι
682 1144 747 1186 ἐπὶ
775 1147 825 1202 τῇ
848 1140 1017 1199 ἡμετέρᾳ
1039 1145 1150 1199 γενεᾷ
1170 1138 1301 1184 πάντα
1323 1145 1557 1198 πληροῦται·
1594 1158 1664 1184 και
1685 1158 1742 1196 μη
1759 1147 1862 1185 Ow-

311 1211 466 1267 μάζειν,
497 1214 560 1255 δεῖ
585 1210 659 1268 γάρ
681 1216 944 1267 πληροῦσθαι.
1001 1207 1214 1266 Ὁσημέραι
1235 1226 1309 1266 γαρ
1334 1208 1435 1253 κατά
1466 1214 1480 1239 ¹
1494 1208 1690 1267 πρόθεσιν
1706 1214 1784 1253 νῦν
1803 1212 1863 1266 γί-

309 1298 415 1324 νεται
436 1279 531 1336 ἡμῖν
552 1282 596 1323 ἐκ
618 1284 814 1337 λογισμῶν
834 1278 1104 1335 ἀνθρωπίνων
1128 1279 1197 1321 καὶ
1230 1277 1508 1334 διανοημάτων
1530 1276 1741 1361 σοφιστικὴ
1763 1275 1863 1321 ὖπό·

308 1367 423 1402 νοια,
463 1367 531 1392 και
565 1350 630 1392 ἐπὶ
659 1347 702 1392 vd
734 1355 864 1406 χεῖρον
896 1345 1201 1404 προκόπτουσα,
1241 1345 1593 1403 καταλιμπάνουσά
1612 1363 1653 1390 τε
1672 1345 1745 1402 τῆν
1763 1344 1863 1390 άπο·

309 1416 493 1473 στολικῆν
528 1420 824 1469 διδασκαλίαν,·
849 1414 991 1466 καθως
1023 1414 1047 1459 o‘
1082 1413 1298 1472 άγιιότατος
1330 1414 1549 1467 άπόστολος
1575 1421 1765 1473 προεῖπεν
1787 1432 1861 1469 οτι,

307 1485 619 1542 Ἀποστῆσονταί
639 1503 741 1537 τινες
762 1490 830 1540 τῆς
854 1483 1109 1542 ὑγιαινούσης
1130 1486 1382 1535 διδασκαλίας
1396 1519 1407 1538 ,
1438 1485 1690 1541 προςέχοντες
1711 1482 1862 1540 μύθοις

306 1556 375 1598 καὶ
408 1557 676 1605 διδασκαλίαις
706 1556 938 1609 δαιμονίων,
978 1555 1046 1596 καὶ
1079 1551 1127 1596 τά
1161 1554 1260 1608 ἑξῆς.
1321 1555 1381 1596 Εἴ
1403 1571 1441 1596 τι
1463 1552 1538 1610 γάρ
1563 1555 1624 1597 ἔνι
1648 1551 1862 1610 άνερευνᾶν

306 1626 374 1667 καὶ
397 1625 571 1668 ἐπινοεῖν
593 1622 714 1674 ὅδοῦς
735 1621 928 1679 πονηράς,
958 1627 1081 1665 ταῦτα
1101 1626 1248 1677 μᾶλλον
1269 1621 1560 1674 σπουδάζουσιν
1580 1623 1622 1665 οἱ
1636 1619 1858 1678 ἅνθρωποι,

305 1691 406 1750 ἤπερ
430 1697 672 1750 πληροῦντες
695 1690 767 1747 τῆν
789 1689 949 1745 ἐντολὴν
970 1689 1040 1746 τῆν
1067 1691 1259 1748 λέγουσαν
1287 1689 1386 1734 καλά
1407 1691 1477 1733 καὶ
1502 1687 1769 1747 εὖπρόςδεκτα
1795 1693 1859 1744 ζη-

305 1767 400 1814 τεῖν,
433 1763 522 1814 καὶ,
551 1759 596 1803 Ὁ
616 1759 732 1817 λόγος
751 1759 866 1803 ἅλατι
891 1754 916 1820 ᾖ
936 1757 1172 1816 ἠρτυμένος,
1203 1759 1312 1809 ὅπως
1333 1761 1390 1817 δῷ
1410 1757 1525 1815 χάριν
1544 1763 1628 1809 τοῖς
1651 1756 1857 1803 ἀκούουσι.

306 1831 385 1872 Καὶ
422 1831 458 1872 εἰ
479 1833 603 1872 ταῦτα
627 1831 954 1884 διανοηθείημεν,
985 1845 1047 1871 οτι
1070 1826 1202 1871 πόθεν
1230 1829 1439 1884 συμβαίνει
1458 1824 1552 1870 καθ’
1575 1824 1743 1882 ἑκάστην
1763 1824 1857 1882 ἦμέ-

305 1916 378 1955 ραν
399 1896 722 1949 άνακαινίζεσθαι
744 1895 842 1952 ἡμῖν
865 1914 913 1939 τα
936 1900 1069 1950 φαῦλα
1099 1895 1273 1951 ἐσόμεθα
1301 1913 1369 1938 και
1394 1893 1505 1938 αὐτοι
1531 1911 1587 1945 ως
1609 1893 1855 1978 ἀπαίδευτοι,

302 1967 371 2010 καὶ
407 1965 460 2021 μῆ
491 1967 742 2023 προςέχοντες
769 1970 853 2015 τοῖς
883 1967 1011 2015 θείοις
1039 1965 1108 2008 καὶ
1137 1969 1455 2021 ὓπρορρητικοῖς
1479 1962 1622 2021 λόγοις.
1681 1969 1758 2007 Δεῖ
1779 1961 1854 2021 γαρ

302 2039 425 2077 ταῦτα
445 2039 709 2090 πληροῦσθαι.
766 2032 836 2076 Ἐν
869 2033 993 2076 απασι
1025 2031 1100 2118 γάρ
1133 2034 1266 2090 μέρεσι
1295 2037 1365 2087 τῆς
1385 2035 1550 2083 πίστεως
1577 2035 1641 2076 δεῖ
1659 2037 1857 2076 τελεῖσθαι

302 2101 345 2146 vd
369 2103 576 2160 εἰρημένον
590 2137 601 2154 ,
647 2107 665 2131 ³
671 2097 772 2159 Αρα
794 2101 923 2145 ἐλθων
948 2099 972 2144 ό
993 2100 1081 2151 υἴός
1111 2106 1183 2144 τοῦ
1211 2099 1434 2157 άνθροόπου
1455 2098 1610 2158 εὑρήσει
1627 2098 1699 2155 τὴν
1723 2103 1856 2144 πίστιν

301 2172 368 2215 ἐπὶ
390 2176 459 2226 τῆς
479 2176 571 2228 γῆς,
633 2175 654 2201 4
667 2175 761 2214 Ποῦ
781 2169 856 2227 γάρ
878 2171 1057 2224 ἔφθασεν
1079 2167 1106 2224 ἦ
1123 2169 1283 2214 διάνοια
1301 2175 1380 2213 τῶν
1401 2167 1631 2225 ἀνθρώπων
1649 2169 1853 2226 ἐγκειμένη

300 2241 367 2283 ἐπὶ
390 2238 434 2283 τὸ
456 2238 636 2295 πονηρὸν
658 2241 702 2283 ἐκ
725 2238 929 2293 νεότητος,
991 2243 1102 2281 Ποῖα
1123 2229 1221 2295 μέρη
1245 2243 1314 2293 τῆς
1336 2241 1502 2288 πίστεως
1524 2237 1602 2282 οὔκ
1630 2236 1852 2290 άπάλεσενς

294 2308 364 2351 Ἐν
385 2310 517 2358 ποίοις
539 2308 582 2350 δὲ
601 2306 735 2365 λόγοις
755 2305 782 2362 ἦ
809 2309 1053 2362 κακοβουλία
1075 2305 1119 2350 τό
1141 2306 1336 2364 χρήσιμον
1357 2305 1432 2350 οὐκ
1455 2305 1637 2363 ἐτάραξες
1681 2310 1790 2350 ιὶτῶν
1808 2305 1852 2349 δὲ

302 2375 640 2434 πρεπωδεστάτων
675 2377 743 2420 καὶ
781 2377 822 2419 ἐν
842 2375 1071 2419 καταστάσει
1092 2380 1253 2432 λογικῆς
1272 2375 1451 2429 φύσεως,
1488 2369 1539 2430 ῆς
1557 2373 1602 2418 τὸ
1624 2374 1779 2430 πρέπον
1800 2368 1851 2429 ἦν

300 2443 348 2487 τά
379 2444 501 2500 σεμνά
528 2450 675 2499 μᾶλλον
696 2447 962 2497 διανοεῖσθαι,
1002 2446 1069 2487 καὶ
1097 2443 1250 2494 τούτοις
1273 2444 1529 2501 προςτιθέναι
1550 2439 1776 2498 βιάζεσθαι,
1814 2443 1853 2485 εἰ

303 2515 372 2556 καὶ
393 2515 471 2557 ἔδει
493 2513 601 2569 παρά
621 2512 764 2567 φύσιν,
805 2515 874 2556 καὶ
893 2512 948 2568 μὴ
973 2517 1117 2568 μᾶλλον
1138 2512 1186 2555 τά
1208 2511 1382 2567 ἀληθινοὶ
1406 2514 1463 2563 εἰς
1486 2510 1534 2555 τά
1555 2509 1704 2566 ἄσεμνα
1722 2527 1850 2568 παρα-

301 2583 457 2639 τρέπειν
486 2583 744 2637 βιαζομένους
774 2583 839 2625 ἐπὶ
868 2579 912 2625 τό
941 2587 1084 2638 χεῖρον.

411 2855 573 2899 Λοιπὸν
592 2855 688 2914 γάρ,
731 2855 865 2911 ἐπειδὴ
898 2855 1028 2899 πάντα
1057 2853 1172 2911 ἡμῶν
1203 2853 1453 2911 πεπλήρωται
1483 2858 1531 2913 τῇ
1554 2857 1695 2913 γενεᾷ,
1734 2852 1784 2897 τά
1805 2870 1845 2897 τε

345 2935 458 2968 *Post
487 2932 555 2979 ηδε
582 2941 616 2971 in
647 2949 748 2980 mar9.
772 2940 843 2971 libri
870 2940 932 2971 len.
956 2940 1051 2971 rubro
1097 2937 1184 2970 enim
1213 2947 1274 2981 per
1295 2935 1518 2969 accessionem
1541 2935 1737 2979 ampliorem
1760 2945 1845 2969 oon-

297 2992 459 3031 adpictum
491 2994 602 3035 le9itur
631 2984 768 3030 επιστ-’δ’
1094 2982 1194 3027 tingit
1213 2981 1309 3015 nobis
1326 2980 1507 3025 sophistica
1529 2980 1643 3026 opinio
1663 2984 1731 3015 cett.

347 3037 391 3067 C
396 3047 414 3067 p
442 3038 542 3068 11.-
581 3041 609 3072 1.
632 3042 837 3074 scribendum
855 3038 1048 3084 πρόςῦεσιν,
1139 3040 1171 3074 2.
1193 3041 1424 3083 προςρητικοῖς
1444 3039 1512 3071 cod.
1535 3039 1596 3072 len.
1617 3041 1647 3072 et
1666 3039 1715 3072 ed.
1737 3039 1841 3079 princ.

299 3091 337 3113 ex
353 3084 505 3114 emendat.
528 3085 683 3126 Cor-narii,
705 3089 758 3127 qui
776 3090 866 3119 vertit
891 3085 1050 3126 Quotidie
1096 3088 1307 3130 προρητικοῖς
1329 3085 1397 3118 cod.
1423 3085 1553 3125 Rhediy.
