2020 3276
490 229 671 265 numu
696 228 779 262 mu.
793 229 852 262 ιιι.
876 228 990 262 Tou.
1004 229 1029 262 ι.
1051 227 1186 261 naun.
1207 226 1364 261 mcxvi.
1613 215 1696 258 267

154 318 278 362 *-
333 309 446 354 Nihil
464 316 595 352 autem
621 307 793 350 conferri
815 321 903 349 eum
927 307 1100 349 trinitate
1127 314 1278 363 potest3
1321 307 1371 348 ob
1392 305 1508 362 idque
1527 303 1698 347 consub-

152 378 336 431 *eata
359 392 407 422 re
427 392 524 422 vera
547 385 610 420 est
629 377 718 419 fidei
740 383 899 418 nostrae
922 375 1227 426 firmamentum,
1266 389 1393 431 neque
1417 374 1502 416 sola
1527 386 1699 430 pronun·

79 499 81 501 ¹
152 447 317 497 &tione
342 453 523 499 constat,
556 459 656 502 quae
681 459 767 486 cum
789 444 904 486 modo
924 443 1001 494 sit,
1032 443 1149 484 modo
1170 442 1349 494 desinat,
1390 443 1430 485 in
1454 442 1614 484 nihilum
1636 454 1700 483 re·

152 515 317 573 &gitur-
373 513 488 557 Talis
509 521 572 556 est
600 514 648 555 tle
672 519 807 570 patre,
849 511 927 553 filio
958 524 1005 552 ae
1027 510 1166 567 spiritu
1190 518 1328 553 sancto
1350 511 1458 553 Ae‘tii
1485 508 1697 552 sententia.

152 581 231 629 Bu
258 582 366 627 eai-
397 596 519 625 verus
548 582 680 637 utique
711 587 844 637 pater,
885 593 1004 621 verus
1034 579 1160 630 filius,
1204 593 1323 620 verus
1342 579 1504 635 spiritus
1522 585 1699 628 sanctus,

153 651 404 711 penninis
427 649 600 693 infinitos
621 649 685 691 ille
705 648 979 706 syllogismos,
1012 647 1250 703 eosdemque
1272 648 1531 697 vanissimos,
1563 659 1700 688 serere

153 720 382 764 contendat.
442 717 506 761 De
529 717 749 760 huiusmodi
781 730 881 758 vero
914 715 1135 758 bominibus
1162 715 1317 756 divinus
1341 729 1472 757 sermo
1493 715 1552 756 sic
1578 714 1702 770 loqui·

155 795 245 842 tur,
282 790 516 843 δηίωίίαιι
543 790 753 841 sapientum
781 785 1014 839 reprobab05
1058 784 1150 825 item
1163 801 1175 825 ε
1216 786 1336 824 Novit
1356 787 1527 824 dominus
1553 786 1699 837 cogi'm-
1711 781 1737 810 ¹·

154 860 276 901 tab-u
300 858 516 905 amm,
547 857 723 909 quoniam
753 867 872 894 vanae
897 861 989 896 sunt
1016 860 1095 894 etc.

160 970 161 973 ,
194 957 198 962 .
267 924 377 968 Astii
400 920 530 980 Caput
552 920 693 966 XVII.
755 920 800 964 Si
828 921 1044 977 ingenitum
1080 921 1175 962 nihil
1195 921 1242 962 ad
1273 920 1516 963 substantiae
1535 919 1702 976 dignita·

155 999 235 1037 t-
254 992 421 1050 anplius
441 993 596 1034 confert
618 1004 731 1046 quam
751 991 926 1046 genitum
949 989 1049 1032 filius
1071 989 1155 1032 sola
1179 988 1360 1031 vocabuli
1387 989 1702 1046 pronuntiatione

153 1067 363 1118 superatum
381 1060 689 1118 praestantiores
709 1072 754 1101 se
775 1059 1016 1115 appellantes
1039 1058 1148 1115 ipsos
1167 1065 1382 1115 agnoscet,
1425 1072 1504 1100 non
1526 1071 1613 1101 eum
1639 1055 1705 1114 qui

155 1128 284 1186 Mas
307 1129 407 1171 deus
435 1128 679 1185 appellatur,
712 1134 754 1169 et
782 1135 907 1183 pater.
966 1175 970 1177 ,

271 1193 438 1240 Conlut.
463 1193 606 1238 XVll.
670 1187 871 1250 'Quamvis
902 1194 1130 1238 innumeras
1162 1196 1277 1238 nobis
1311 1196 1452 1239 Aetius
1481 1194 1704 1251 tragoedias

158 1264 324 1316 excitet,
372 1265 476 1307 nulla
499 1264 612 1306 nobis
640 1278 806 1319 unquam
828 1277 913 1305 cum
939 1263 1081 1320 pietate
1107 1264 1315 1307 coniuncta
1342 1265 1441 1306 ratio
1469 1263 1707 1320 persuadere

158 1332 303 1390 poterit
322 1333 630 1390 praestantiores
661 1332 749 1374 illos
782 1346 872 1374 esse
897 1332 961 1388 qui
985 1332 1034 1373 ab
1059 1346 1109 1373 eo
1130 1334 1193 1388 qui
1217 1340 1279 1374 est
1304 1341 1347 1375 ut
1369 1339 1505 1374 essent.
1526 1331 1708 1373 obtinue-

158 1407 266 1445 runt.
326 1399 433 1444 Nam
463 1401 587 1457 ipsius
617 1400 808 1442 beneficio
829 1401 917 1442 illos
940 1400 1122 1443 extitisse
1145 1402 1210 1443 ille
1234 1402 1319 1458 ipse
1343 1408 1524 1442 testatur.
1585 1399 1707 1455 Atqui

157 1468 347 1526 simulari
372 1469 477 1512 illius
502 1482 665 1511 munere
691 1466 1003 1511 Christianorum
1031 1468 1259 1524 dignitatem
1287 1470 1457 1512 assecuti
1483 1475 1596 1519 sunt,
1640 1481 1709 1523 ge-

157 1538 278 1582 nitam
300 1537 476 1581 sobolem
498 1551 576 1579 non
597 1540 682 1578 sola
708 1537 817 1579 vocis
843 1537 1086 1593 prolatione,
1119 1538 1187 1579 sed
1212 1552 1348 1580 verum
1371 1552 1394 1580 e
1415 1552 1513 1580 vero
1535 1535 1708 1592 genitum

157 1605 358 1664 appellare
380 1612 548 1658 norunt;
590 1619 639 1646 eo
661 1606 763 1661 quod
794 1619 889 1648 vere
919 1606 1044 1662 ipsum
1078 1606 1324 1662 intelligunt,
1367 1613 1408 1648 et
1429 1621 1453 1647 a
1471 1614 1585 1660 patre
1601 1612 1705 1653 sunt,

157 1689 234 1721 m
251 1689 278 1716 a
297 1688 428 1724 cerne,
461 1676 524 1716 vel
539 1677 726 1727 :augum
740 1677 930 1728 perdocti.
993 1673 1121 1730 Quam
1138 1675 1193 1722 ,ob
1211 1689 1390 1717 caussam
1414 1675 1550 1716 felices
1569 1673 1710 1715 met-ito

158 1742 457 1800 {radicantem
501 1749 544 1785 ut
582 1742 686 1784 inter
719 1750 876 1784 ceteros
905 1752 1107 1799 apostotus
1141 1743 1230 1795 ille,
1276 1744 1341 1799 qui
1375 1743 1547 1785 viventis
1580 1742 1711 1784 addito

158 1810 351 1854 vocabulo
383 1811 447 1853 dei
481 1811 599 1852 lilium
633 1811 739 1853 illum
770 1812 949 1866 agnovit.
1011 1810 1132 1853 lidem
1167 1826 1285 1868 porro
1311 1811 1517 1853 animalem
1548 1811 1708 1853 Aetium

158 1878 390 1938 spiritaliter
415 1879 650 1932 diiudicant3
693 1879 759 1935 qui
793 1893 839 1921 ea
871 1894 971 1936 quae
1002 1882 1048 1922 ad
1079 1881 1258 1937 spiritum
1287 1881 1484 1937 pertinent
1513 1879 1705 1935 repudiat.

158 1948 223 1992 Ae
241 1946 335 1991 lieet
356 1946 581 2003 unigenitus
598 1947 661 1989 dei
681 1948 782 1990 tilius
805 1962 852 1990 ac
870 1947 1031 2004 spiritus
1053 1950 1107 1991 ita
1128 1949 1332 2005 loquatur:
1367 1952 1471 1990 Vado
1489 1951 1541 1989 ad
1556 1955 1703 2001 patrem

158 2030 302 2067 aaut,
342 2023 383 2056 et
404 2022 553 2069 pao-ea
584 2024 771 2066 vestrum,
815 2019 923 2058 deun·
951 2031 1091 2066 meum,
1134 2025 1175 2059 ee
1201 2021 1309 2059 deum
1336 2026 1521 2067 vestrum,
1567 2017 1704 2059 ambae

161 2090 292 2129 tame·
325 2084 610 2141 appellationes
643 2084 742 2126 istae
782 2084 923 2127 alienis
952 2099 1000 2127 ac
1033 2086 1202 2128 diversis
1243 2086 1467 2129 nominibus
1499 2084 1711 2141 adaequari

161 2159 384 2210 naq-enm,
416 2166 504 2195 cum
526 2159 715 2209 perpetuo
737 2152 886 2195 veritas
907 2153 992 2210 ipsa
1012 2162 1262 2210 permaneat,
1303 2169 1349 2197 ac
1377 2155 1618 2210 singularum
1642 2170 1712 2197 vo·

161 2234 250 2265 eum
277 2220 458 2279 proprius
490 2227 533 2263 et
564 2221 815 2280 necessarius
844 2222 942 2263 ordo
966 2222 1026 2264 rei
1049 2222 1087 2264 in
1114 2223 1192 2264 lilio
1216 2223 1278 2265 dei
1305 2224 1511 2266 veritatem
1536 2225 1642 2266 clare
1660 2237 1710 2266 ac

160 2289 367 2347 perspicue
401 2289 660 2331 demonstret.
720 2286 864 2344 Neque
900 2289 1003 2332 enim
1043 2290 1138 2333 baec
1174 2291 1285 2348 ipsa,
1341 2295 1488 2333 Patrem
1522 2307 1640 2333 mean·
1674 2300 1713 2333 ec

155 2366 305 2413 pan-em
333 2365 522 2406 merum,
564 2358 611 2399 ad
642 2356 765 2413 ipsius
786 2371 943 2400 carnem
975 2360 1180 2401 referenda
1203 2368 1311 2402 suut.
1373 2359 1582 2415 Quomodo
1608 2359 1709 2401 enim

161 2426 295 2472 earnis
315 2433 427 2483 pater
449 2427 545 2468 dens
568 2439 659 2468 esse
681 2432 831 2480 potest,
871 2425 936 2482 qni
958 2440 1115 2470 carnem
1143 2442 1339 2484 nunquam
1361 2428 1511 2470 induit?
1568 2426 1712 2483 Neque

163 2494 286 2547 haee,
315 2497 432 2536 Deum
455 2509 572 2535 meum
594 2502 633 2534 et
652 2496 759 2534 deum
781 2501 966 2543 vestrum,
1008 2495 1056 2537 de
1088 2496 1154 2537 filii
1178 2497 1382 2538 divinitate
1409 2497 1471 2537 vel
1504 2496 1712 2552 adoptione

162 2561 439 2619 discipulorum
460 2562 685 2619 accipienda
709 2568 815 2603 sunt.
877 2559 958 2604 Sed
981 2563 1078 2606 liaeo
1100 2564 1237 2615 verba,
1269 2568 1387 2606 Deum
1409 2580 1526 2606 meum
1546 2573 1585 2605 et
1604 2567 1711 2605 deun·

163 2639 351 2681 mnan,
394 2631 444 2674 ob
469 2631 673 2673 humanam
705 2637 903 2680 nostram,
944 2644 1057 2686 quam
1080 2634 1277 2688 suscepit,
1321 2641 1497 2674 naturam
1528 2647 1605 2674 non
1626 2633 1712 2675 sine

164 2698 354 2758 mysterio
380 2700 559 2742 veritatis
589 2699 628 2741 in
662 2698 842 2740 omnibus
874 2698 1246 2743 observantissimus
1278 2702 1325 2742 ad
1358 2700 1570 2757 discipulos
1602 2714 1714 2758 prae-

164 2769 395 2812 muniendos
429 2780 619 2824 usurpare
654 2768 792 2809 voluit.
853 2770 1001 2807 Patrem
1039 2781 1135 2810 vero
1169 2784 1286 2810 meum
1320 2777 1358 2809 ee
1372 2777 1519 2822 patrem
1549 2778 1711 2811 vestrum

166 2836 288 2889 dixit,
321 2844 480 2894 propter
503 2850 627 2878 meam
649 2850 736 2878 cum
762 2837 827 2878 illo
853 2843 1016 2877 naturae
1040 2837 1377 2888 communionem,
1419 2851 1621 2894 meamque
1641 2852 1711 2880 vo·

166 2903 333 2957 hiscum,
362 2906 473 2948 cuius
491 2920 566 2962 ego
589 2919 658 2962 pro
679 2919 762 2947 mea
783 2903 1023 2958 benignitate
1042 2903 1103 2946 liic
1124 2906 1223 2960 apud
1246 2920 1316 2947 vos
1337 2906 1484 2961 degens
1504 2906 1711 2964 participes

167 3024 334 3056 vesti-mn.
368 3019 484 3053 ambe
487 3020 581 3099 nliae
601 3018 805 3064 appeaionllt
787 3029 842 3051 nea
874 3018 917 3051 ad
964 3028 1085 3063 pounn
1192 3018 1291 3052 ritaet
1271 3028 1619 3064 etieempermanent
1646 3026 1712 3057 cett.

168 3062 409 3110 alteria-gene
391 3065 454 3099 eris
511 3065 599 3099 oinm
649 3064 796 3111 aadequa
777 3064 869 3097 arni
850 3075 917 3099 non
1008 3064 1395 3107 onem-exomm-

1746 779 1817 808 cor.
1825 777 1905 814 1‚1⁸.

1740 799 1855 843 rain.

1744 847 1853 885 8³,n

1748 1616 1863 1646 Matth-

1747 1654 1799 1689 16,
1823 1652 1862 1680 ΙῚ.
