2020 3276
419 224 602 259 riman
624 224 709 258 nis.
727 223 786 257 m.
811 224 920 259 τοΜ.
940 224 980 257 1¹.
1002 222 1138 256 men.
1153 222 1328 256 Lxxvn.
1562 211 1645 254 337

100 304 322 357 attulerint,
365 304 441 346 nisi
470 310 514 346 ut
546 303 731 345 tumultus
751 317 798 345 ac
822 303 1041 345 simultates
1066 309 1106 344 et
1126 302 1284 344 dolores
1308 303 1412 343 inter
1438 314 1512 342 nos
1536 299 1646 342 exci-

101 374 244 432 tati-t,
285 379 521 428 mutuaeque
557 371 792 414 concordiae
828 371 1083 426 caritatisque
1116 371 1351 412 suavitatem
1384 368 1644 413 extorserint.

101 440 256 500 Quippe
290 441 510 484 divinarum
539 440 820 496 seripturarum
853 440 1165 481 consentientem
1199 454 1245 480 ae
1276 445 1426 480 rectum
1451 438 1645 490 ordinem,

99 518 145 555 et
161 509 411 554 innocentiae
432 509 743 567 professionem,
785 522 832 550 ac
857 507 1148 564 propheticam,
1194 507 1464 563 evangelicam
1492 513 1529 548 et
1554 521 1649 563 apo-

95 579 277 624 stolium
299 578 413 621 fldem
434 577 681 634 negligentes
706 576 941 634 sophisticas
978 576 1090 618 nobis
1129 576 1305 632 argutias
1330 590 1376 617 ac
1402 575 1554 617 fabulas
1581 575 1650 617 ob-

98 653 326 700 umet,
365 645 506 703 quibus
534 645 705 688 infinitas
737 644 851 687 nobis
888 644 1133 687 calamitates
1171 644 1410 695 attulerunt,
1457 651 1575 699 atque
1609 643 1650 684 in

99 714 243 774 οὐραὶ,
263 714 431 773 apostoli
451 715 594 757 dictum
618 714 710 756 illud
730 713 1012 771 impleverunt:
1045 714 1235 767 Deficit-nt
1253 715 1402 766 quidam
1424 727 1447 753 a
1467 726 1562 752 sana
1583 714 1649 752 do·
1667 721 1855 758 rrimus.

100 787 248 835 οσὺι,
278 786 514 826 attendentes
537 784 683 838 sabulis
710 790 751 823 et
777 783 953 823 canonibus
981 785 1110 835 nug-is.

214 850 415 910 Egregius
438 852 504 894 ille
531 865 579 894 ac
605 851 843 894 venerabilis
869 864 1021 902 senex,
1067 864 1182 906 quem
1217 863 1289 891 uos
1325 857 1365 891 et
1400 849 1539 891 beatae
1569 861 1651 890 me·
1677 851 1755 896 cap.
1779 851 1817 883 ¹¹-

102 921 252 966 ·oriae
275 934 374 978 papa
393 919 660 972 Athanasius,
694 920 772 961 imo
795 934 893 962 vero
917 919 1098 961 catholici
1122 932 1260 960 omnes
1284 918 1399 960 unice
1424 918 1650 969 dileximus,

104 989 374 1048 Apollinarium
395 987 646 1031 Laodicenos
669 988 783 1030 huius
804 988 999 1044 dogmatis
1017 994 1156 1029 auctor
1174 1002 1222 1029 ac
1243 979 1481 1043 propagator
1499 986 1647 1027 extitit.

103 1057 382 1116 Aspriucipio
404 1058 558 1114 quidem
587 1072 673 1099 cum
698 1058 735 1098 id
758 1057 873 1099 nobis
893 1055 1072 1098 nonnulli
1096 1070 1148 1098 ex
1177 1056 1262 1098 eius
1292 1055 1491 1111 discipulis
1520 1068 1655 1096 narra-

105 1133 217 1181 rent,
258 1125 373 1169 uem
403 1141 482 1168 nou
514 1125 773 1178 habebamus,
826 1139 954 1182 neque
984 1123 1198 1167 verisimile
1231 1123 1461 1181 putabamus
1493 1137 1515 1164 a
1546 1130 1654 1164 tanto

105 1194 193 1239 viro
214 1191 391 1238 errorem
413 1195 604 1237 eiusmodi
627 1195 862 1252 profectum.
924 1192 1061 1249 ltaque
1092 1193 1277 1235 nonnulla
1303 1192 1428 1234 adhuc
1450 1194 1654 1236 meliorum

104 1277 176 1322 spe
203 1263 401 1322 patienter
433 1263 753 1320 expectavimus,
795 1263 921 1304 donec
952 1276 1035 1304 rem
1068 1276 1223 1304 omnem
1254 1270 1437 1304 accurate
1468 1262 1656 1319 cognovi·

105 1346 208 1375 nus.
268 1330 358 1374 Hoc
380 1331 483 1374 enim
509 1331 748 1383 dicebamus,
781 1331 991 1388 discipulos
1014 1331 1119 1373 illius
1142 1331 1206 1388 qui
1229 1334 1277 1372 ad
1296 1345 1370 1373 nos
1390 1331 1653 1382 ventitabant,

105 1414 194 1445 cun
217 1413 266 1443 ea
289 1400 447 1443 minime
479 1407 666 1456 caperent
696 1414 796 1456 quae
821 1399 870 1441 ab
892 1400 1045 1441 erudito
1075 1399 1143 1442 illo
1165 1413 1211 1442 ac
1237 1399 1406 1456 sapienti
1429 1399 1518 1441 viro
1541 1413 1657 1455 prae-

105 1475 264 1527 ceptore
292 1483 366 1512 suo
390 1469 570 1511 abstrusa
594 1483 641 1510 ac
673 1468 876 1510 recondita
905 1469 1201 1525 proferrentur,
1245 1468 1436 1510 eiusmodi
1462 1468 1653 1524 quaedam

106 1537 272 1582 fluxim
291 1537 366 1580 sibi
384 1551 485 1594 quae
502 1537 552 1579 ab
570 1538 637 1579 illo
655 1551 851 1593 nunquam
870 1537 1101 1579 didicerant.
1164 1535 1404 1579 Praesertim
1427 1551 1515 1578 cum
1536 1536 1656 1578 multa

104 1605 217 1650 inter·
253 1605 343 1649 illos
384 1606 450 1663 qni
493 1620 567 1648 nos
603 1606 764 1648 adibant
816 1605 1042 1662 opinionum
1077 1605 1250 1648 varietas
1294 1612 1416 1647 esset.
1499 1603 1655 1661 Quippe

106 1673 286 1720 nonnulli
304 1687 355 1717 eo
373 1675 572 1731 progressi
595 1682 686 1717 sunt
709 1682 750 1717 ut
772 1671 973 1717 Christum
994 1689 1137 1731 corpus
1162 1688 1184 1716 e
1207 1674 1319 1716 coelo
1341 1673 1530 1716 detulisse
1550 1674 1656 1714 dice-

107 1749 223 1796 rent,
262 1756 363 1800 qnae
394 1742 565 1786 absurda
598 1743 884 1800 peregrinaque
920 1743 1239 1785 comminiscendi
1271 1742 1429 1785 licentia
1459 1741 1657 1783 hominum

110 1811 235 1855 se-el
250 1811 392 1855 animis
411 1812 590 1854 incidens
608 1812 656 1854 ad
677 1812 862 1867 graviora
885 1812 1167 1868 acerbioraque
1189 1811 1398 1868 processit.
1459 1810 1540 1852 Alii
1561 1823 1659 1852 vero

112 1875 313 1924 Christu-
334 1879 503 1922 animam
524 1881 786 1937 assumpsisse
807 1887 1069 1936 negaverunt.
1118 1879 1286 1936 Quidam
1307 1880 1481 1922 eiusdem
1506 1876 1660 1920 Christi

112 1961 258 2006 eorpus
285 1947 480 1991 divinitati
512 1949 845 1991 consubstantiale
878 1963 957 1991 non
989 1949 1214 1991 dubitarunt
1241 1962 1440 1990 asserere.
1504 1944 1658 2001 Quibus

112 2015 339 2074 opinionum
357 2017 549 2073 portentis
569 2017 760 2060 orientem
782 2031 1021 2074 magnopere
1044 2018 1346 2074 perturbarunt3
1380 2023 1540 2072 propter
1560 2029 1659 2071 quos

115 2083 276 2128 conflari
314 2085 508 2142 synodum
546 2099 711 2128 necesse
751 2085 849 2139 fuit,
898 2086 1150 2142 eiusdemque
1185 2087 1346 2128 decreto
1388 2084 1658 2127 condemnari.

115 2150 343 2209 Quinetiam
377 2153 643 2196 commentarii
676 2154 829 2211 quidem
863 2154 1094 2211 paescripti
1126 2162 1240 2207 sunt,
1286 2168 1450 2210 quorum
1482 2153 1663 2209 exempla

114 2221 165 2265 ad
187 2219 239 2265 B.
261 2219 321 2264 Μ.
346 2234 483 2279 papam
508 2221 768 2264 Athanasium
791 2221 910 2265 missa
933 2229 1048 2275 sunt;
1091 2223 1231 2279 quibus
1263 2222 1339 2264 illis
1371 2221 1664 2264 commentariis

114 2289 305 2334 adductus
329 2296 392 2333 est
415 2296 458 2332 ut
477 2290 668 2332 adversus
692 2290 914 2347 dogmatum
942 2291 1098 2333 illorum
1130 2298 1352 2334 assertores
1378 2290 1551 2332 minaces
1578 2289 1665 2330 lite-

115 2371 184 2403 ras
201 2358 250 2402 ad
265 2358 532 2402 venerabilem
554 2357 778 2415 episcopum
790 2357 1011 2416 Epictetum
1034 2360 1243 2412 scriberet,
1264 2374 1287 2401 a
1305 2374 1382 2415 quo
1403 2365 1562 2414 rogatus
1581 2358 1664 2399 sue-

117 2434 184 2471 rat
202 2434 246 2471 st
267 2426 514 2484 tempestatis
537 2426 640 2469 illius
662 2440 709 2469 ac
726 2427 912 2470 tumultus
927 2427 1152 2470 auctoribus
1178 2428 1452 2485 responderet.
1515 2424 1665 2481 Quam-

118 2496 255 2539 obrem
287 2496 327 2539 in
357 2495 494 2538 eadem
521 2495 687 2552 epistola
710 2495 759 2537 de
788 2495 861 2538 fide
897 2497 1101 2553 perspicue
1134 2503 1395 2552 accurateque
1426 2494 1565 2536 beatus
1599 2493 1665 2536 ille

119 2564 330 2618 dissernit3
362 2571 403 2607 et
423 2564 510 2606 illos
531 2577 723 2606 novorum
744 2563 966 2620 dogmatum
988 2571 1271 2622 propagatores
1292 2563 1664 2622 perturbatoresque

119 2633 365 2692 proscripsit.
437 2630 562 2676 Cuius
606 2632 796 2689 epistolae
833 2631 1029 2687 integrum
1078 2633 1302 2689 exemplum
1337 2632 1400 2674 hic
1439 2631 1666 2674 adscribere

119 2702 387 2745 necessarium
418 2714 508 2744 esse
537 2701 650 2743 duxi.
712 2699 788 2742 Est
817 2707 947 2742 autem
980 2700 1187 2743 eiusmodi.

166 2790 1231 2839 ᾶγράφαςικηᾱοκαωαυωοκίηοαειραου.σοιω.

197 3112 316 3153 Corpus
330 3112 514 3144 asarmot.
537 3113 578 3143 n.
595 3113 622 3141 ⁸.
1344 3113 1400 3156 '22
