2020 3276
414 166 598 205 PANAnn
621 170 707 206 Lm.
725 171 782 206 ΙΙΙ.
807 172 917 208 ΤΟΜ.
933 173 959 206 Ι.
983 172 1117 206 HAER.
1132 173 1292 208 LXXVI.
1543 165 1622 207 241

74 250 147 296 νδ
165 249 346 308 inprimis
367 249 539 306 optabile
572 257 634 292 cst
655 257 698 292 ut
723 250 809 293 eius
830 266 907 307 quo
935 252 1083 308 indiget
1102 253 1253 308 copiam
1278 253 1326 294 ad
1351 252 1532 295 solatium
1561 252 1628 295 ba-

74 318 194 373 hot,
230 324 298 361 tut
319 318 355 360 si
378 318 507 361 miuus
539 318 697 375 assequi
729 318 875 375 possit,
921 321 1060 362 saltem
1089 321 1229 363 crebro
1260 321 1300 363 in
1327 335 1510 364 sermone
1536 321 1629 364 illud

75 394 254 445 usurpet.
314 383 429 429 Unde
445 394 484 430 et
506 394 563 439 tu,
597 402 683 429 cum
704 387 845 444 impius
867 401 914 429 ac
939 388 1001 430 dei
1026 388 1081 430 sis
1102 403 1264 445 expers,
1296 390 1397 446 quod
1423 404 1539 432 unum
1567 403 1629 432 re-

73 461 171 509 stat,
199 467 300 498 voco
321 460 437 498 tonus
458 456 694 512 proferendo
713 454 816 498 illius
840 456 997 498 nominc
1016 463 1094 498 tete
1116 458 1312 510 venditas,
1346 458 1526 514 quoniam
1546 458 1631 515 qui-

3 577 12 586 ·
74 523 184 576 dem,
208 523 316 580 >quod
335 523 383 566 td
406 524 494 567 cius
517 523 720 577 timorem,
754 524 894 575 iidem,
936 538 1070 581 spem,
1114 532 1151 566 et
1173 539 1267 580 erga
1294 526 1400 568 illum
1426 527 1628 569 caritatem

74 591 241 645 attinet,
273 605 470 648 nunquam
491 592 597 635 illum
627 607 720 635 vere
742 593 782 634 in
797 593 1088 649 possessionem
1110 592 1294 635 habuisti.
1351 594 1511 651 Alioqui
1532 595 1629 637 satis

77 673 168 704 csse
191 659 378 703 crederes
401 661 523 703 semel
557 661 659 703 istnd
682 661 837 717 eloqui,
882 674 1007 716 neque
1042 661 1325 718 praescriptum
1358 663 1535 705 ordinem
1566 677 1630 705 se-

77 728 256 786 rte-nque
287 729 571 786 praetergredi.
633 727 849 772 Manifesta
884 729 1038 785 quidem
1071 737 1132 771 est
1153 745 1174 771 a
1197 731 1397 774 salvatore
1430 739 1567 773 contra
1592 739 1630 773 te

75 795 329 855 mutiat·
347 798 544 840 sententia
557 829 569 850 ‚
610 801 652 839 A
668 798 862 852 fructibus
883 813 1012 839 eorum
1036 802 1272 852 cognoscetis
1294 803 1419 853 rjus-05,-
1454 814 1502 841 eo
1526 800 1628 856 quod
1641 805 1837 843 Mutuum.

79 879 168 910 cnm
190 865 279 909 ovis
309 865 409 921 pelle
433 865 488 908 sis
511 866 745 918 obvolutus,
788 866 894 908 intus
928 880 1053 923 rapax
1075 881 1143 919 es,
1186 875 1224 910 ct
1252 882 1341 910 cum
1363 868 1452 924 lupo
1476 883 1633 924 compa-

78 940 206 983 βίω.
267 931 425 977 Etenim
456 934 490 977 si
525 949 546 975 a
577 934 716 992 spiritu
750 940 887 976 sancto
924 935 1081 989 genitus
1114 949 1252 987 esses,
1301 937 1433 979 facere
1467 943 1504 979 te
1539 937 1632 979 illud

80 1001 312 1061 operatu,
357 1009 400 1045 ut
438 1002 565 1045 sacris
603 1002 784 1045 omnibus
817 1003 1017 1046 codicibus
1052 1004 1291 1060 pervolufis,
1341 1019 1363 1047 a
1395 1003 1546 1047 Genesi
1583 1005 1631 1047 ad

81 1067 268 1115 Baliari·
288 1076 482 1127 tempora,
512 1071 575 1127 qui
601 1079 692 1113 sunt
713 1078 863 1128 septem
884 1078 924 1113 et
946 1071 1084 1127 viginti
1110 1072 1199 1114 libri
1220 1068 1445 1115 testamenti
1466 1073 1630 1125 veteris,

82 1134 274 1182 axxtt
304 1146 581 1192 numerantur,
624 1146 703 1182 tum
727 1140 990 1183 sacrosanctis
1020 1139 1075 1181 lV
1101 1141 1345 1198 evangeliis,
1387 1148 1427 1184 et
1449 1139 1496 1184 S.
1522 1140 1634 1183 Pauli

83 1203 189 1251 XlV
214 1207 414 1264 epistolis,
461 1221 534 1250 nec
558 1223 635 1250 nou
659 1214 699 1250 et
719 1208 985 1265 apostolorum
1021 1207 1158 1261 Actis,
1203 1224 1303 1266 quae
1334 1210 1398 1252 vel
1427 1210 1634 1266 superiora

83 1274 386 1332 illirtcmporn,
420 1276 483 1319 vel
506 1276 727 1333 posteriora
749 1276 976 1330 continent,
1021 1277 1223 1320 catholicis
1254 1279 1345 1321 item
1368 1278 1545 1335 epistolis
1573 1276 1634 1320 la·

84 1342 195 1397 oobi,
237 1341 373 1397 Petri,
419 1342 604 1397 loannis,
650 1352 688 1386 et
724 1342 864 1397 iudae,
907 1346 1144 1402 Apocalypsi
1177 1344 1360 1399 loannis,
1404 1345 1635 1403 Sapientiae

84 1425 241 1470 quoquc
273 1410 408 1465 libris,
453 1412 526 1455 boc
554 1420 618 1455 cst
648 1411 899 1466 Salomonis,
947 1414 1016 1456 lilii
1042 1413 1210 1466 sirach,
1255 1415 1437 1458 omnibus
1467 1415 1635 1471 denique

84 1480 303 1538 scripturae
333 1480 445 1523 libris
478 1481 699 1538 percursis,
749 1482 996 1538 temetipsum
1032 1483 1263 1535 damnares,
1309 1484 1410 1540 qnod
1445 1483 1637 1526 eiusmodi

81 1562 251 1601 ιοιιιοι,
290 1549 340 1592 dc
361 1563 438 1606 quo
462 1549 565 1591 nulla
587 1550 640 1591 sit
662 1564 822 1606 nsquam
849 1552 1017 1603 mentio,
1062 1551 1174 1593 nobis
1198 1552 1343 1594 afferre
1379 1567 1457 1595 nou
1484 1552 1635 1594 dubita·

82 1617 208 1661 vorin.
267 1615 344 1660 Est
364 1618 468 1660 enim
491 1618 655 1674 ingeniti
679 1632 823 1660 nomen
845 1619 1002 1660 minime
1025 1618 1116 1661 illud
1139 1620 1292 1675 quidem
1316 1620 1518 1676 indignum
1542 1621 1632 1672 deo,

82 1693 128 1730 ut
147 1685 264 1729 eti-n
287 1686 468 1742 pietatem
492 1686 691 1740 redoleat,
723 1701 859 1729 verum
883 1701 1070 1743 nusquam
1096 1688 1134 1729 in
1157 1688 1361 1745 scripturis
1382 1702 1634 1746 expressum.

82 1752 229 1812 Neque
250 1768 348 1797 vcro
369 1755 470 1796 adeo
494 1755 581 1811 quis
610 1770 778 1811 unquam
802 1754 966 1797 insanus
989 1756 1146 1808 extitit,
1191 1757 1366 1812 genitum
1391 1764 1434 1799 ut
1456 1771 1546 1799 essc
1571 1771 1638 1798 co·

83 1823 231 1881 uitaret
250 1823 388 1876 (lcum,
433 1837 559 1879 neque
590 1824 640 1866 ob
660 1824 835 1880 genitum
872 1824 992 1866 mium
1027 1838 1193 1867 necesse
1230 1825 1301 1868 fuit
1325 1826 1451 1868 solum
1487 1833 1637 1883 patrem

85 1891 303 1949 ingenitum
323 1891 438 1934 deum
461 1892 681 1949 appellare,
727 1906 777 1934 ne
805 1892 893 1949 quis
922 1892 962 1935 in
986 1900 1095 1950 patre
1128 1894 1215 1936 solo
1249 1908 1384 1936 verum
1413 1894 1514 1937 istud
1546 1907 1637 1935 esse

86 1959 160 2003 sibi
190 1959 446 2017 persuadeat,
493 1961 561 2002 sed
593 1968 633 2003 ct
664 1960 744 2003 lilio
775 1976 820 2003 ac
853 1961 1006 2018 spiritui
1038 1969 1176 2004 sancto
1207 1963 1438 2005 convenire.
1510 1961 1638 2005 Recta

88 2028 227 2086 quippe
249 2027 350 2070 ratio
371 2034 411 2069 et
431 2028 591 2085 spiritus
620 2036 780 2071 sanctus
807 2029 985 2072 veritatis
1018 2030 1121 2072 l'ilios
1146 2031 1288 2073 docent
1323 2046 1400 2073 non
1434 2038 1638 2087 tantopere

87 2096 180 2140 illud
201 2096 469 2139 admirandum
494 2109 610 2149 esse,
642 2098 711 2140 sed
733 2112 803 2155 pro
825 2112 873 2140 eo
894 2105 1010 2155 atque
1031 2113 1052 2140 a
1077 2099 1190 2141 nobis
1217 2100 1416 2155 exigitur,
1458 2101 1639 2156 quodqiic

86 2164 265 2208 innubis
289 2164 374 2222 piae
395 2164 559 2207 rationis
582 2165 710 2219 inest,
742 2165 792 2208 dc
814 2166 944 2208 divina
972 2166 1176 2210 maiestate
1200 2167 1464 2210 sentiendum.
1529 2166 1639 2223 Quo-

88 2233 195 2277 niam
217 2231 337 2290 igitur
358 2233 557 2289 ingenitus
581 2234 678 2276 deus
706 2241 789 2287 est,
831 2234 945 2291 idque
976 2235 1078 2277 ultro
1107 2236 1345 2279 confitemur
1374 2249 1536 2288 omnes,
1584 2243 1639 2276 ta·

89 2302 205 2347 moui
229 2302 336 2345 nullo
358 2315 380 2343 c
401 2300 620 2358 scripturae
644 2302 730 2344 loco
755 2303 1000 2359 comprobari
1033 2304 1106 2346 boc
1127 2304 1398 2361 appellationis
1421 2317 1547 2359 genus
1573 2317 1641 2360 po-

91 2376 195 2424 test,
240 2370 310 2413 sed
341 2383 363 2412 a
395 2369 508 2412 nobis
547 2370 642 2427 ipsis
672 2377 787 2426 atquc
819 2383 871 2414 ex
900 2372 963 2429 pia
994 2372 1058 2414 illa
1090 2373 1391 2415 ratiocinatione
1422 2373 1640 2429 profectum

91 2445 176 2492 cst,
222 2437 270 2482 nd
310 2451 399 2481 eum
439 2438 594 2480 modum
637 2438 740 2480 seire
770 2452 842 2481 nos
873 2446 913 2482 et
942 2440 1172 2482 existimare
1211 2447 1521 2483 consentaneum
1560 2446 1636 2481 est.

93 2503 179 2551 Cur
206 2506 311 2550 cuim
344 2506 384 2549 in
415 2519 489 2558 eo,
537 2506 639 2563 quod
669 2506 844 2562 genitum
875 2514 960 2560 est,
1006 2508 1205 2551 esseutiae
1244 2507 1453 2551 divortium
1484 2507 1639 2563 aliquod

92 2574 194 2629 crit,
225 2575 259 2618 si
281 2574 404 2632 geniti
434 2588 577 2617 nomen
607 2575 644 2617 ei
663 2575 803 2617 merito
833 2583 1048 2632 congruat,
1081 2591 1126 2619 ac
1154 2577 1319 2619 naturali
1350 2576 1538 2632 quadam,
1571 2575 1641 2618 sed

91 2642 361 2702 inexplicabili
384 2650 529 2686 actam
559 2643 633 2685 deo
665 2643 763 2701 patri
793 2657 906 2699 quam
937 2644 972 2686 ci
995 2644 1059 2701 qui
1089 2644 1138 2686 ab
1160 2645 1226 2686 illo
1257 2644 1353 2686 citra
1387 2651 1538 2701 tempus
1567 2643 1641 2686 ini-

93 2712 268 2769 tiumquc
303 2712 460 2769 genitus
490 2719 553 2754 est
582 2711 832 2755 convenienti
870 2712 1046 2765 ratione,
1093 2719 1134 2754 et
1164 2712 1317 2768 quidem
1349 2725 1445 2754 vere
1476 2726 1522 2755 ac
1553 2725 1642 2769 pro·

94 2780 200 2839 prio,
233 2794 312 2824 uon
335 2780 419 2824 sola
445 2781 554 2823 vocis
577 2780 767 2823 abusione
799 2779 1017 2822 tribuatur?
1075 2778 1187 2823 Unde
1212 2794 1284 2823 nos
1315 2793 1441 2838 neque
1472 2786 1641 2823 creatam

93 2927 157 2952 noo
181 2916 270 2952 hane
292 2915 452 2963 pietatem
473 2928 593 2957 nom,
633 2916 723 2962 qood
743 2916 790 2950 sic
809 2927 845 2949 ce
936 2914 968 2950 7.
1003 2917 1227 2960 γεγεννῆσθαι
1260 2918 1351 2952 codd.
1387 2926 1459 2954 mu.
1499 2917 1643 2962 γεγενῆ-

95 2961 215 3008 ΙιΜ)
246 2966 276 2997 ct
298 2963 454 2998 reem.
500 2964 587 2996 ucri
616 2964 729 2996 liabent
752 2961 782 2997 ιζ
805 2960 844 2997 δὲ
890 2961 972 2996 σθαι
993 2962 1068 2995 σόαι
1092 2963 1173 2996 ιιδνί.

142 3006 176 3044 6.
197 3009 340 3042 For-tom
364 3007 413 3048 εἰς
434 3006 473 3044 τὸ
498 3007 665 3052 γεννηθὲν.

167 3061 286 3100 Corpus
305 3061 489 3092 {henach
507 3061 546 3090 u.
564 3062 593 3091 8.
1321 3071 1372 3113 ¹0
