<?xml version="1.0" encoding="UTF-8"?>
<!DOCTYPE html PUBLIC "-//W3C//DTD XHTML 1.0 Transitional//EN"
    "http://www.w3.org/TR/xhtml1/DTD/xhtml1-transitional.dtd">
<html xmlns="http://www.w3.org/1999/xhtml" xml:lang="en" lang="en">
 <head>
  <title>
</title>
<meta http-equiv="Content-Type" content="text/html;charset=utf-8" />
  <meta name='ocr-system' content='tesseract 3.04.00' />
  <meta name='ocr-capabilities' content='ocr_page ocr_carea ocr_par ocr_line ocrx_word'/>
</head>
<body>
  <div class='ocr_page' id='page_1' title='image "./corporishaereseo23epip_0491.png"; bbox 0 0 2020 3276; ppageno 0'>
   <div class='ocr_carea' id='block_1_1' title="bbox 446 223 1669 276">
    <p class='ocr_par' dir='ltr' id='par_1_1' title="bbox 446 223 1669 276">
     <span class='ocr_line' id='line_1_1' title="bbox 446 223 1669 276; baseline -0.011 0"><span class='ocrx_word' id='word_1_1' title='bbox 446 240 626 276; x_wconf 68' lang='lat' dir='ltr'><strong>t’tmann</strong></span> <span class='ocrx_word' id='word_1_2' title='bbox 648 240 734 274; x_wconf 79' lang='lat' dir='ltr'><strong>Lm.</strong></span> <span class='ocrx_word' id='word_1_3' title='bbox 751 239 811 274; x_wconf 82' lang='lat'>111.</span> <span class='ocrx_word' id='word_1_4' title='bbox 832 238 943 273; x_wconf 73' lang='lat' dir='ltr'><strong>Tou.</strong></span> <span class='ocrx_word' id='word_1_5' title='bbox 963 238 1006 272; x_wconf 85' lang='lat'><strong>11.</strong></span> <span class='ocrx_word' id='word_1_6' title='bbox 1030 236 1164 270; x_wconf 72' lang='lat' dir='ltr'>BAER.</span> <span class='ocrx_word' id='word_1_7' title='bbox 1188 235 1337 268; x_wconf 84' lang='lat' dir='ltr'>LXXX.</span> <span class='ocrx_word' id='word_1_8' title='bbox 1586 223 1669 263; x_wconf 79' lang='grc'><strong>479</strong></span> 
     </span>
    </p>
   </div>
   <div class='ocr_carea' id='block_1_2' title="bbox 122 312 1848 2017">
    <p class='ocr_par' dir='ltr' id='par_1_2' title="bbox 122 312 1848 1264">
     <span class='ocr_line' id='line_1_2' title="bbox 122 312 1670 380; baseline -0.01 -13"><span class='ocrx_word' id='word_1_9' title='bbox 122 322 303 380; x_wconf 49' lang='grc' dir='ltr'><strong>φανὴ,</strong></span> <span class='ocrx_word' id='word_1_10' title='bbox 332 322 516 378; x_wconf 79' lang='lat' dir='ltr'><strong>ideoque,</strong></span> <span class='ocrx_word' id='word_1_11' title='bbox 549 328 587 362; x_wconf 84' lang='lat' dir='ltr'><strong>ut</strong></span> <span class='ocrx_word' id='word_1_12' title='bbox 610 334 696 363; x_wconf 86' lang='lat' dir='ltr'><strong>eam</strong></span> <span class='ocrx_word' id='word_1_13' title='bbox 720 319 1008 369; x_wconf 86' lang='lat' dir='ltr'><strong>consolaretur,</strong></span> <span class='ocrx_word' id='word_1_14' title='bbox 1042 315 1154 358; x_wconf 81' lang='lat' dir='ltr'><strong>officii</strong></span> <span class='ocrx_word' id='word_1_15' title='bbox 1177 315 1303 370; x_wconf 79' lang='lat' dir='ltr'><strong>legem</strong></span> <span class='ocrx_word' id='word_1_16' title='bbox 1329 312 1524 370; x_wconf 87' lang='lat' dir='ltr'><strong>paululum</strong></span> <span class='ocrx_word' id='word_1_17' title='bbox 1543 317 1670 352; x_wconf 82' lang='lat' dir='ltr'><strong>trans·</strong></span> 
     </span>
     <span class='ocr_line' id='line_1_3' title="bbox 122 380 1670 448; baseline -0.01 -13"><span class='ocrx_word' id='word_1_18' title='bbox 122 404 289 448; x_wconf 63' lang='grc' dir='ltr'><em>Μ</em></span> <span class='ocrx_word' id='word_1_19' title='bbox 310 396 397 442; x_wconf 80' lang='lat' dir='ltr'><strong>est,</strong></span> <span class='ocrx_word' id='word_1_20' title='bbox 437 403 485 432; x_wconf 85' lang='lat' dir='ltr'><strong>ac</strong></span> <span class='ocrx_word' id='word_1_21' title='bbox 507 396 664 446; x_wconf 86' lang='lat' dir='ltr'><strong>propter</strong></span> <span class='ocrx_word' id='word_1_22' title='bbox 682 387 785 430; x_wconf 87' lang='lat' dir='ltr'><strong>illius</strong></span> <span class='ocrx_word' id='word_1_23' title='bbox 809 386 1013 437; x_wconf 88' lang='lat' dir='ltr'><strong>solatium,</strong></span> <span class='ocrx_word' id='word_1_24' title='bbox 1057 385 1157 439; x_wconf 91' lang='lat' dir='ltr'><strong>quod</strong></span> <span class='ocrx_word' id='word_1_25' title='bbox 1182 383 1231 425; x_wconf 84' lang='lat' dir='ltr'><strong>ab</strong></span> <span class='ocrx_word' id='word_1_26' title='bbox 1253 397 1298 424; x_wconf 90' lang='lat' dir='ltr'><strong>ea</strong></span> <span class='ocrx_word' id='word_1_27' title='bbox 1321 382 1459 433; x_wconf 81' lang='lat' dir='ltr'><strong>fiebat,</strong></span> <span class='ocrx_word' id='word_1_28' title='bbox 1500 380 1548 422; x_wconf 89' lang='lat' dir='ltr'><strong>ad</strong></span> <span class='ocrx_word' id='word_1_29' title='bbox 1573 386 1670 420; x_wconf 80' lang='lat' dir='ltr'><strong>tem·</strong></span> 
     </span>
     <span class='ocr_line' id='line_1_4' title="bbox 124 446 1672 517; baseline -0.01 -14"><span class='ocrx_word' id='word_1_30' title='bbox 124 473 196 517; x_wconf 70' lang='lat' dir='ltr'><strong>pua</strong></span> <span class='ocrx_word' id='word_1_31' title='bbox 227 465 290 503; x_wconf 77' lang='lat' dir='ltr'><strong>eat</strong></span> <span class='ocrx_word' id='word_1_32' title='bbox 322 472 487 516; x_wconf 69' lang='lat' dir='ltr'><strong>passus,</strong></span> <span class='ocrx_word' id='word_1_33' title='bbox 532 471 618 499; x_wconf 83' lang='lat' dir='ltr'><strong>eum</strong></span> <span class='ocrx_word' id='word_1_34' title='bbox 651 456 770 512; x_wconf 85' lang='lat' dir='ltr'><strong>pedes</strong></span> <span class='ocrx_word' id='word_1_35' title='bbox 802 468 896 497; x_wconf 84' lang='lat' dir='ltr'><strong>suos</strong></span> <span class='ocrx_word' id='word_1_36' title='bbox 922 467 944 494; x_wconf 88' lang='lat' dir='ltr'><strong>a</strong></span> <span class='ocrx_word' id='word_1_37' title='bbox 970 451 1132 494; x_wconf 90' lang='lat' dir='ltr'><strong>muliere</strong></span> <span class='ocrx_word' id='word_1_38' title='bbox 1163 458 1320 508; x_wconf 81' lang='lat' dir='ltr'><strong>praeter</strong></span> <span class='ocrx_word' id='word_1_39' title='bbox 1349 446 1672 491; x_wconf 87' lang='lat' dir='ltr'><strong>consuetudinem</strong></span> 
     </span>
     <span class='ocr_line' id='line_1_5' title="bbox 123 516 1669 581; baseline -0.009 -11"><span class='ocrx_word' id='word_1_40' title='bbox 123 525 325 570; x_wconf 73' lang='lat' dir='ltr'><strong>attrectari</strong></span> <span class='ocrx_word' id='word_1_41' title='bbox 350 526 562 568; x_wconf 72' lang='lat' dir='ltr'>calamitati</span> <span class='ocrx_word' id='word_1_42' title='bbox 585 524 707 581; x_wconf 90' lang='lat' dir='ltr'><strong>ipsius</strong></span> <span class='ocrx_word' id='word_1_43' title='bbox 730 538 777 565; x_wconf 88' lang='lat' dir='ltr'><strong>ac</strong></span> <span class='ocrx_word' id='word_1_44' title='bbox 802 522 921 565; x_wconf 87' lang='lat' dir='ltr'><strong>luctui</strong></span> <span class='ocrx_word' id='word_1_45' title='bbox 946 535 1015 578; x_wconf 87' lang='lat' dir='ltr'><strong>par</strong></span> <span class='ocrx_word' id='word_1_46' title='bbox 1038 528 1154 576; x_wconf 89' lang='lat' dir='ltr'><strong>atque</strong></span> <span class='ocrx_word' id='word_1_47' title='bbox 1177 519 1340 574; x_wconf 87' lang='lat' dir='ltr'><strong>aequale</strong></span> <span class='ocrx_word' id='word_1_48' title='bbox 1364 531 1453 560; x_wconf 90' lang='lat' dir='ltr'><strong>esse</strong></span> <span class='ocrx_word' id='word_1_49' title='bbox 1474 516 1669 558; x_wconf 86' lang='lat' dir='ltr'><strong>crederet.</strong></span> 
     </span>
     <span class='ocr_line' id='line_1_6' title="bbox 124 586 1673 650; baseline -0.008 -12"><span class='ocrx_word' id='word_1_50' title='bbox 124 592 277 638; x_wconf 69' lang='lat' dir='ltr'><strong>ven-n</strong></span> <span class='ocrx_word' id='word_1_51' title='bbox 297 594 388 650; x_wconf 78' lang='lat' dir='ltr'><strong>quid</strong></span> <span class='ocrx_word' id='word_1_52' title='bbox 411 608 489 649; x_wconf 75' lang='lat' dir='ltr'><strong>ego</strong></span> <span class='ocrx_word' id='word_1_53' title='bbox 509 593 654 635; x_wconf 87' lang='lat' dir='ltr'><strong>diutius</strong></span> <span class='ocrx_word' id='word_1_54' title='bbox 678 592 718 634; x_wconf 88' lang='lat' dir='ltr'><strong>in</strong></span> <span class='ocrx_word' id='word_1_55' title='bbox 742 591 819 634; x_wconf 90' lang='lat' dir='ltr'><strong>illis</strong></span> <span class='ocrx_word' id='word_1_56' title='bbox 841 589 1058 632; x_wconf 74' lang='lat' dir='ltr'>refutandis</span> <span class='ocrx_word' id='word_1_57' title='bbox 1078 588 1291 639; x_wconf 83' lang='lat' dir='ltr'><strong>immoror,</strong></span> <span class='ocrx_word' id='word_1_58' title='bbox 1331 586 1396 642; x_wconf 84' lang='lat' dir='ltr'><strong>qui</strong></span> <span class='ocrx_word' id='word_1_59' title='bbox 1419 599 1557 627; x_wconf 88' lang='lat' dir='ltr'><strong>cauum</strong></span> <span class='ocrx_word' id='word_1_60' title='bbox 1583 598 1673 641; x_wconf 90' lang='lat' dir='ltr'><strong>por-</strong></span> 
     </span>
     <span class='ocr_line' id='line_1_7' title="bbox 124 653 1673 719; baseline -0.009 -12"><span class='ocrx_word' id='word_1_61' title='bbox 124 675 314 707; x_wconf 68' lang='lat' dir='ltr'><strong>cae-tave</strong></span> <span class='ocrx_word' id='word_1_62' title='bbox 334 661 561 719; x_wconf 81' lang='lat' dir='ltr'><strong>spurcitiam</strong></span> <span class='ocrx_word' id='word_1_63' title='bbox 586 660 812 703; x_wconf 75' lang='lat' dir='ltr'><strong>imitantur?</strong></span> <span class='ocrx_word' id='word_1_64' title='bbox 870 656 987 713; x_wconf 88' lang='lat' dir='ltr'><strong>Quod</strong></span> <span class='ocrx_word' id='word_1_65' title='bbox 1013 664 1144 699; x_wconf 86' lang='lat' dir='ltr'><strong>autem</strong></span> <span class='ocrx_word' id='word_1_66' title='bbox 1176 653 1376 698; x_wconf 78' lang='lat' dir='ltr'><strong>Christum</strong></span> <span class='ocrx_word' id='word_1_67' title='bbox 1401 668 1446 695; x_wconf 89' lang='lat' dir='ltr'><strong>se</strong></span> <span class='ocrx_word' id='word_1_68' title='bbox 1471 667 1563 695; x_wconf 87' lang='lat' dir='ltr'><strong>esse</strong></span> <span class='ocrx_word' id='word_1_69' title='bbox 1587 653 1673 708; x_wconf 87' lang='lat' dir='ltr'><strong>qui·</strong></span> 
     </span>
     <span class='ocr_line' id='line_1_8' title="bbox 124 721 1672 785; baseline -0.009 -10"><span class='ocrx_word' id='word_1_70' title='bbox 124 730 295 775; x_wconf 76' lang='lat' dir='ltr'><strong>tibetex</strong></span> <span class='ocrx_word' id='word_1_71' title='bbox 322 730 410 773; x_wconf 75' lang='lat' dir='ltr'><strong>istis</strong></span> <span class='ocrx_word' id='word_1_72' title='bbox 436 730 604 781; x_wconf 84' lang='lat' dir='ltr'><strong>asserit,</strong></span> <span class='ocrx_word' id='word_1_73' title='bbox 647 727 735 784; x_wconf 86' lang='lat' dir='ltr'><strong>quis</strong></span> <span class='ocrx_word' id='word_1_74' title='bbox 764 727 936 785; x_wconf 87' lang='lat' dir='ltr'><strong>prudens</strong></span> <span class='ocrx_word' id='word_1_75' title='bbox 969 739 1047 768; x_wconf 92' lang='lat' dir='ltr'><strong>non</strong></span> <span class='ocrx_word' id='word_1_76' title='bbox 1074 724 1165 766; x_wconf 90' lang='lat' dir='ltr'><strong>illud</strong></span> <span class='ocrx_word' id='word_1_77' title='bbox 1196 723 1374 765; x_wconf 82' lang='lat' dir='ltr'><strong>insaniae</strong></span> <span class='ocrx_word' id='word_1_78' title='bbox 1406 721 1672 778; x_wconf 85' lang='lat' dir='ltr'><strong>plenissimum</strong></span> 
     </span>
     <span class='ocr_line' id='line_1_9' title="bbox 123 789 1671 854; baseline -0.007 -12"><span class='ocrx_word' id='word_1_79' title='bbox 123 798 362 842; x_wconf 72' lang='lat' dir='ltr'><strong>arbitretur?</strong></span> <span class='ocrx_word' id='word_1_80' title='bbox 389 806 458 840; x_wconf 91' lang='lat' dir='ltr'><strong>aut</strong></span> <span class='ocrx_word' id='word_1_81' title='bbox 478 812 566 840; x_wconf 86' lang='lat' dir='ltr'><strong>eum</strong></span> <span class='ocrx_word' id='word_1_82' title='bbox 588 811 633 840; x_wconf 87' lang='lat' dir='ltr'><strong>se</strong></span> <span class='ocrx_word' id='word_1_83' title='bbox 654 796 864 854; x_wconf 82' lang='lat' dir='ltr'><strong>prophetas</strong></span> <span class='ocrx_word' id='word_1_84' title='bbox 886 808 976 836; x_wconf 88' lang='lat' dir='ltr'><strong>esse</strong></span> <span class='ocrx_word' id='word_1_85' title='bbox 998 793 1185 835; x_wconf 86' lang='lat' dir='ltr'><strong>narrant?</strong></span> <span class='ocrx_word' id='word_1_86' title='bbox 1243 791 1359 847; x_wconf 89' lang='lat' dir='ltr'><strong>Quod</strong></span> <span class='ocrx_word' id='word_1_87' title='bbox 1381 792 1485 833; x_wconf 91' lang='lat' dir='ltr'><strong>enim</strong></span> <span class='ocrx_word' id='word_1_88' title='bbox 1505 789 1671 847; x_wconf 88' lang='lat' dir='ltr'><strong>prophe-</strong></span> 
     </span>
     <span class='ocr_line' id='line_1_10' title="bbox 123 857 1674 924; baseline -0.007 -14"><span class='ocrx_word' id='word_1_89' title='bbox 123 868 205 911; x_wconf 79' lang='lat' dir='ltr'><strong>tiae</strong></span> <span class='ocrx_word' id='word_1_90' title='bbox 222 880 352 924; x_wconf 64' lang='lat' dir='ltr'><strong>genus</strong></span> <span class='ocrx_word' id='word_1_91' title='bbox 372 868 473 923; x_wconf 90' lang='lat' dir='ltr'><strong>apud</strong></span> <span class='ocrx_word' id='word_1_92' title='bbox 499 866 587 908; x_wconf 89' lang='lat' dir='ltr'><strong>illos</strong></span> <span class='ocrx_word' id='word_1_93' title='bbox 609 866 796 923; x_wconf 69' lang='lat' dir='ltr'><strong>apparet?</strong></span> <span class='ocrx_word' id='word_1_94' title='bbox 853 861 1063 919; x_wconf 79' lang='lat' dir='ltr'><strong>Quodnam</strong></span> <span class='ocrx_word' id='word_1_95' title='bbox 1083 875 1204 911; x_wconf 87' lang='lat' dir='ltr'><strong>vero,</strong></span> <span class='ocrx_word' id='word_1_96' title='bbox 1249 868 1292 902; x_wconf 85' lang='lat' dir='ltr'><strong>ut</strong></span> <span class='ocrx_word' id='word_1_97' title='bbox 1316 874 1339 901; x_wconf 87' lang='lat' dir='ltr'><strong>a</strong></span> <span class='ocrx_word' id='word_1_98' title='bbox 1367 857 1528 902; x_wconf 91' lang='lat' dir='ltr'><strong>Christo</strong></span> <span class='ocrx_word' id='word_1_99' title='bbox 1550 872 1674 914; x_wconf 90' lang='lat' dir='ltr'><strong>quon·</strong></span> 
     </span>
     <span class='ocr_line' id='line_1_11' title="bbox 124 927 1674 989; baseline -0.007 -11"><span class='ocrx_word' id='word_1_100' title='bbox 124 935 238 989; x_wconf 76' lang='lat' dir='ltr'><strong>dam,</strong></span> <span class='ocrx_word' id='word_1_101' title='bbox 277 934 505 977; x_wconf 70' lang='lat' dir='ltr'><strong>admirabile</strong></span> <span class='ocrx_word' id='word_1_102' title='bbox 541 941 604 976; x_wconf 84' lang='lat' dir='ltr'><strong>est</strong></span> <span class='ocrx_word' id='word_1_103' title='bbox 633 934 681 976; x_wconf 87' lang='lat' dir='ltr'><strong>ab</strong></span> <span class='ocrx_word' id='word_1_104' title='bbox 718 933 794 975; x_wconf 86' lang='lat' dir='ltr'><strong>illis</strong></span> <span class='ocrx_word' id='word_1_105' title='bbox 830 945 928 988; x_wconf 89' lang='lat' dir='ltr'><strong>opus</strong></span> <span class='ocrx_word' id='word_1_106' title='bbox 962 930 1135 972; x_wconf 80' lang='lat' dir='ltr'><strong>editum?</strong></span> <span class='ocrx_word' id='word_1_107' title='bbox 1193 927 1309 984; x_wconf 85' lang='lat' dir='ltr'><strong>Quod</strong></span> <span class='ocrx_word' id='word_1_108' title='bbox 1344 928 1376 970; x_wconf 90' lang='lat' dir='ltr'><strong>si</strong></span> <span class='ocrx_word' id='word_1_109' title='bbox 1412 928 1580 984; x_wconf 83' lang='lat' dir='ltr'><strong>ipsemet</strong></span> <span class='ocrx_word' id='word_1_110' title='bbox 1614 934 1674 968; x_wconf 87' lang='lat' dir='ltr'><strong>est</strong></span> 
     </span>
     <span class='ocr_line' id='line_1_12' title="bbox 126 994 1675 1059; baseline -0.008 -11"><span class='ocrx_word' id='word_1_111' title='bbox 126 1002 328 1056; x_wconf 65' lang='lat' dir='ltr'><strong>Christus,</strong></span> <span class='ocrx_word' id='word_1_112' title='bbox 360 1016 524 1059; x_wconf 78' lang='lat' dir='ltr'><strong>ecquem</strong></span> <span class='ocrx_word' id='word_1_113' title='bbox 549 1003 589 1044; x_wconf 93' lang='lat' dir='ltr'><strong>iu</strong></span> <span class='ocrx_word' id='word_1_114' title='bbox 610 1003 806 1044; x_wconf 90' lang='lat' dir='ltr'><strong>dominum</strong></span> <span class='ocrx_word' id='word_1_115' title='bbox 829 999 1005 1057; x_wconf 85' lang='lat' dir='ltr'><strong>speravit</strong></span> <span class='ocrx_word' id='word_1_116' title='bbox 1026 1013 1072 1040; x_wconf 89' lang='lat' dir='ltr'><strong>ae</strong></span> <span class='ocrx_word' id='word_1_117' title='bbox 1091 997 1283 1039; x_wconf 78' lang='lat' dir='ltr'><strong>credidit?</strong></span> <span class='ocrx_word' id='word_1_118' title='bbox 1340 995 1452 1051; x_wconf 82' lang='lat' dir='ltr'><strong>Quae</strong></span> <span class='ocrx_word' id='word_1_119' title='bbox 1476 1002 1567 1037; x_wconf 91' lang='lat' dir='ltr'><strong>sunt</strong></span> <span class='ocrx_word' id='word_1_120' title='bbox 1588 994 1675 1036; x_wconf 87' lang='lat' dir='ltr'><strong>illae</strong></span> 
     </span>
     <span class='ocr_line' id='line_1_13' title="bbox 126 1061 1674 1128; baseline -0.008 -12"><span class='ocrx_word' id='word_1_121' title='bbox 126 1073 284 1116; x_wconf 75' lang='lat' dir='ltr'><strong>tandem</strong></span> <span class='ocrx_word' id='word_1_122' title='bbox 302 1071 453 1114; x_wconf 85' lang='lat' dir='ltr'><strong>erroris</strong></span> <span class='ocrx_word' id='word_1_123' title='bbox 469 1071 656 1128; x_wconf 76' lang='lat' dir='ltr'><strong>ineptiae,</strong></span> <span class='ocrx_word' id='word_1_124' title='bbox 687 1083 839 1126; x_wconf 82' lang='lat' dir='ltr'><strong>quaeve</strong></span> <span class='ocrx_word' id='word_1_125' title='bbox 857 1067 1088 1110; x_wconf 82' lang='lat' dir='ltr'><strong>stolidorum</strong></span> <span class='ocrx_word' id='word_1_126' title='bbox 1109 1066 1308 1108; x_wconf 86' lang='lat' dir='ltr'><strong>hominum</strong></span> <span class='ocrx_word' id='word_1_127' title='bbox 1328 1065 1537 1121; x_wconf 79' lang='lat' dir='ltr'><strong>dogmata?</strong></span> <span class='ocrx_word' id='word_1_128' title='bbox 1593 1061 1674 1106; x_wconf 89' lang='lat' dir='ltr'><strong>Sed</strong></span> 
     </span>
     <span class='ocr_line' id='line_1_14' title="bbox 125 1133 1389 1194; baseline -0.008 -10"><span class='ocrx_word' id='word_1_129' title='bbox 125 1141 320 1184; x_wconf 80' lang='lat' dir='ltr'><strong>adversus</strong></span> <span class='ocrx_word' id='word_1_130' title='bbox 347 1140 463 1183; x_wconf 85' lang='lat' dir='ltr'><strong>istam</strong></span> <span class='ocrx_word' id='word_1_131' title='bbox 492 1138 675 1182; x_wconf 85' lang='lat' dir='ltr'><strong>haeresin</strong></span> <span class='ocrx_word' id='word_1_132' title='bbox 706 1138 907 1194; x_wconf 86' lang='lat' dir='ltr'><strong>bucusque</strong></span> <span class='ocrx_word' id='word_1_133' title='bbox 935 1137 1156 1192; x_wconf 82' lang='lat' dir='ltr'><strong>disputasse</strong></span> <span class='ocrx_word' id='word_1_134' title='bbox 1185 1133 1284 1176; x_wconf 85' lang='lat' dir='ltr'><strong>satis</strong></span> <span class='ocrx_word' id='word_1_135' title='bbox 1313 1140 1389 1176; x_wconf 88' lang='lat' dir='ltr'><strong>est.</strong></span> 
     </span>
     <span class='ocr_line' id='line_1_15' title="bbox 241 1202 1848 1264; baseline -0.007 -13"><span class='ocrx_word' id='word_1_136' title='bbox 241 1206 318 1251; x_wconf 74' lang='lat' dir='ltr'><strong>uio</strong></span> <span class='ocrx_word' id='word_1_137' title='bbox 351 1222 427 1264; x_wconf 76' lang='lat' dir='ltr'><strong>ego</strong></span> <span class='ocrx_word' id='word_1_138' title='bbox 462 1214 661 1264; x_wconf 86' lang='lat' dir='ltr'><strong>postremo</strong></span> <span class='ocrx_word' id='word_1_139' title='bbox 696 1207 767 1249; x_wconf 90' lang='lat' dir='ltr'><strong>toti</strong></span> <span class='ocrx_word' id='word_1_140' title='bbox 801 1221 825 1248; x_wconf 89' lang='lat' dir='ltr'><strong>a</strong></span> <span class='ocrx_word' id='word_1_141' title='bbox 854 1219 916 1248; x_wconf 91' lang='lat' dir='ltr'><strong>me</strong></span> <span class='ocrx_word' id='word_1_142' title='bbox 946 1204 1055 1262; x_wconf 89' lang='lat' dir='ltr'><strong>operi</strong></span> <span class='ocrx_word' id='word_1_143' title='bbox 1092 1209 1277 1259; x_wconf 85' lang='lat' dir='ltr'><strong>suscepto</strong></span> <span class='ocrx_word' id='word_1_144' title='bbox 1311 1203 1424 1244; x_wconf 85' lang='lat' dir='ltr'><strong>finem</strong></span> <span class='ocrx_word' id='word_1_145' title='bbox 1459 1202 1669 1258; x_wconf 83' lang='lat' dir='ltr'><strong>imponam.</strong></span> <span class='ocrx_word' id='word_1_146' title='bbox 1698 1207 1778 1252; x_wconf 77' lang='lat' dir='ltr'><strong>Cap.</strong></span> <span class='ocrx_word' id='word_1_147' title='bbox 1803 1208 1848 1240; x_wconf 86' lang='lat' dir='ltr'><strong>x.</strong></span> 
     </span>
    </p>

    <p class='ocr_par' dir='ltr' id='par_1_3' title="bbox 126 1271 1682 2017">
     <span class='ocr_line' id='line_1_16' title="bbox 126 1271 1676 1334; baseline -0.006 -13"><span class='ocrx_word' id='word_1_148' title='bbox 126 1275 176 1321; x_wconf 72' lang='grc' dir='ltr'><strong>Ι·</strong></span> <span class='ocrx_word' id='word_1_149' title='bbox 197 1291 276 1334; x_wconf 76' lang='lat' dir='ltr'><strong>quo</strong></span> <span class='ocrx_word' id='word_1_150' title='bbox 293 1277 533 1333; x_wconf 79' lang='lat' dir='ltr'><strong>singularem</strong></span> <span class='ocrx_word' id='word_1_151' title='bbox 563 1290 660 1332; x_wconf 75' lang='lat' dir='ltr'><strong>ergo</strong></span> <span class='ocrx_word' id='word_1_152' title='bbox 683 1289 757 1317; x_wconf 85' lang='lat' dir='ltr'><strong>nos</strong></span> <span class='ocrx_word' id='word_1_153' title='bbox 779 1274 901 1316; x_wconf 87' lang='lat' dir='ltr'><strong>divini</strong></span> <span class='ocrx_word' id='word_1_154' title='bbox 930 1272 1100 1315; x_wconf 86' lang='lat' dir='ltr'><strong>numinis</strong></span> <span class='ocrx_word' id='word_1_155' title='bbox 1121 1285 1234 1328; x_wconf 91' lang='lat' dir='ltr'><strong>opem</strong></span> <span class='ocrx_word' id='word_1_156' title='bbox 1256 1285 1302 1313; x_wconf 86' lang='lat' dir='ltr'><strong>ac</strong></span> <span class='ocrx_word' id='word_1_157' title='bbox 1324 1271 1587 1326; x_wconf 82' lang='lat' dir='ltr'><strong>praesentiam</strong></span> <span class='ocrx_word' id='word_1_158' title='bbox 1611 1284 1676 1312; x_wconf 91' lang='lat' dir='ltr'><strong>su-</strong></span> 
     </span>
     <span class='ocr_line' id='line_1_17' title="bbox 127 1338 1676 1402; baseline -0.006 -13"><span class='ocrx_word' id='word_1_159' title='bbox 127 1359 217 1389; x_wconf 69' lang='lat' dir='ltr'><strong>nna</strong></span> <span class='ocrx_word' id='word_1_160' title='bbox 247 1345 432 1402; x_wconf 79' lang='lat' dir='ltr'><strong>experti,</strong></span> <span class='ocrx_word' id='word_1_161' title='bbox 475 1345 577 1400; x_wconf 88' lang='lat' dir='ltr'><strong>quod</strong></span> <span class='ocrx_word' id='word_1_162' title='bbox 613 1358 667 1386; x_wconf 86' lang='lat' dir='ltr'><strong>ex</strong></span> <span class='ocrx_word' id='word_1_163' title='bbox 690 1351 774 1385; x_wconf 92' lang='lat' dir='ltr'><strong>toto</strong></span> <span class='ocrx_word' id='word_1_164' title='bbox 803 1342 958 1394; x_wconf 90' lang='lat' dir='ltr'><strong>animo,</strong></span> <span class='ocrx_word' id='word_1_165' title='bbox 1000 1355 1046 1383; x_wconf 89' lang='lat' dir='ltr'><strong>ac</strong></span> <span class='ocrx_word' id='word_1_166' title='bbox 1071 1347 1201 1382; x_wconf 87' lang='lat' dir='ltr'><strong>mente</strong></span> <span class='ocrx_word' id='word_1_167' title='bbox 1225 1339 1427 1388; x_wconf 83' lang='lat' dir='ltr'><strong>confiteri,</strong></span> <span class='ocrx_word' id='word_1_168' title='bbox 1473 1338 1676 1394; x_wconf 89' lang='lat' dir='ltr'><strong>eidemque</strong></span> 
     </span>
     <span class='ocr_line' id='line_1_18' title="bbox 127 1407 1679 1470; baseline -0.006 -12"><span class='ocrx_word' id='word_1_169' title='bbox 127 1413 288 1457; x_wconf 70' lang='lat' dir='ltr'><strong>domino</strong></span> <span class='ocrx_word' id='word_1_170' title='bbox 310 1414 460 1470; x_wconf 69' lang='lat' dir='ltr'><strong>gratias</strong></span> <span class='ocrx_word' id='word_1_171' title='bbox 484 1427 604 1470; x_wconf 81' lang='lat' dir='ltr'><strong>agere</strong></span> <span class='ocrx_word' id='word_1_172' title='bbox 629 1412 842 1463; x_wconf 82' lang='lat' dir='ltr'><strong>debemus,</strong></span> <span class='ocrx_word' id='word_1_173' title='bbox 886 1409 1196 1466; x_wconf 86' lang='lat' dir='ltr'><strong>qnandoquidem</strong></span> <span class='ocrx_word' id='word_1_174' title='bbox 1222 1409 1288 1450; x_wconf 90' lang='lat' dir='ltr'><strong>illo</strong></span> <span class='ocrx_word' id='word_1_175' title='bbox 1313 1409 1472 1450; x_wconf 85' lang='lat' dir='ltr'><strong>iuvante</strong></span> <span class='ocrx_word' id='word_1_176' title='bbox 1498 1407 1679 1463; x_wconf 85' lang='lat' dir='ltr'><strong>quicquid</strong></span> 
     </span>
     <span class='ocr_line' id='line_1_19' title="bbox 127 1476 1676 1540; baseline -0.007 -13"><span class='ocrx_word' id='word_1_177' title='bbox 127 1490 331 1540; x_wconf 66' lang='grc' dir='ltr'><strong>κωμα-</strong></span> <span class='ocrx_word' id='word_1_178' title='bbox 348 1497 372 1525; x_wconf 93' lang='lat' dir='ltr'><strong>a</strong></span> <span class='ocrx_word' id='word_1_179' title='bbox 391 1482 505 1524; x_wconf 85' lang='lat' dir='ltr'><strong>nobis</strong></span> <span class='ocrx_word' id='word_1_180' title='bbox 525 1481 836 1539; x_wconf 89' lang='lat' dir='ltr'><strong>promissumque</strong></span> <span class='ocrx_word' id='word_1_181' title='bbox 858 1479 946 1531; x_wconf 79' lang='lat' dir='ltr'><strong>l&#39;uit,</strong></span> <span class='ocrx_word' id='word_1_182' title='bbox 980 1478 1146 1520; x_wconf 75' lang='lat' dir='ltr'><strong>feliciter</strong></span> <span class='ocrx_word' id='word_1_183' title='bbox 1165 1478 1212 1519; x_wconf 89' lang='lat' dir='ltr'><strong>ad</strong></span> <span class='ocrx_word' id='word_1_184' title='bbox 1233 1477 1385 1519; x_wconf 80' lang='lat' dir='ltr'><strong>exitum</strong></span> <span class='ocrx_word' id='word_1_185' title='bbox 1405 1476 1676 1532; x_wconf 79' lang='lat' dir='ltr'><strong>perduximus,</strong></span> 
     </span>
     <span class='ocr_line' id='line_1_20' title="bbox 127 1544 1678 1605; baseline -0.006 -10"><span class='ocrx_word' id='word_1_186' title='bbox 127 1565 177 1594; x_wconf 78' lang='lat' dir='ltr'><strong>ae</strong></span> <span class='ocrx_word' id='word_1_187' title='bbox 204 1565 294 1594; x_wconf 73' lang='lat' dir='ltr'><strong>enm</strong></span> <span class='ocrx_word' id='word_1_188' title='bbox 318 1551 505 1594; x_wconf 76' lang='lat' dir='ltr'><strong>haereses</strong></span> <span class='ocrx_word' id='word_1_189' title='bbox 540 1563 678 1592; x_wconf 89' lang='lat' dir='ltr'><strong>omnes</strong></span> <span class='ocrx_word' id='word_1_190' title='bbox 709 1547 965 1605; x_wconf 83' lang='lat' dir='ltr'><strong>exposuimus</strong></span> <span class='ocrx_word' id='word_1_191' title='bbox 999 1545 1358 1601; x_wconf 78' lang='lat' dir='ltr'><strong>refutavimusque,</strong></span> <span class='ocrx_word' id='word_1_192' title='bbox 1401 1553 1480 1587; x_wconf 92' lang='lat' dir='ltr'><strong>tum</strong></span> <span class='ocrx_word' id='word_1_193' title='bbox 1511 1544 1602 1600; x_wconf 82' lang='lat' dir='ltr'><strong>quid</strong></span> <span class='ocrx_word' id='word_1_194' title='bbox 1631 1544 1678 1585; x_wconf 86' lang='lat' dir='ltr'><strong>ab</strong></span> 
     </span>
     <span class='ocr_line' id='line_1_21' title="bbox 130 1613 1676 1676; baseline -0.005 -13"><span class='ocrx_word' id='word_1_195' title='bbox 130 1632 363 1676; x_wconf 72' lang='lat' dir='ltr'><strong>unaquaque</strong></span> <span class='ocrx_word' id='word_1_196' title='bbox 392 1626 555 1676; x_wconf 79' lang='lat' dir='ltr'><strong>geratur</strong></span> <span class='ocrx_word' id='word_1_197' title='bbox 584 1633 655 1675; x_wconf 90' lang='lat' dir='ltr'><strong>pro</strong></span> <span class='ocrx_word' id='word_1_198' title='bbox 689 1617 828 1660; x_wconf 74' lang='lat' dir='ltr'><strong>virium</strong></span> <span class='ocrx_word' id='word_1_199' title='bbox 863 1621 1086 1658; x_wconf 87' lang='lat' dir='ltr'><strong>nostrarum</strong></span> <span class='ocrx_word' id='word_1_200' title='bbox 1117 1613 1382 1656; x_wconf 82' lang='lat' dir='ltr'><strong>imbecillitate</strong></span> <span class='ocrx_word' id='word_1_201' title='bbox 1409 1613 1676 1670; x_wconf 75' lang='lat' dir='ltr'><strong>patefecimus.</strong></span> 
     </span>
     <span class='ocr_line' id='line_1_22' title="bbox 129 1682 1679 1743; baseline -0.006 -11"><span class='ocrx_word' id='word_1_202' title='bbox 129 1684 319 1732; x_wconf 72' lang='lat' dir='ltr'><strong>Ceteru-</strong></span> <span class='ocrx_word' id='word_1_203' title='bbox 348 1702 435 1730; x_wconf 84' lang='lat' dir='ltr'><strong>eum</strong></span> <span class='ocrx_word' id='word_1_204' title='bbox 459 1687 660 1743; x_wconf 84' lang='lat' dir='ltr'><strong>octogiuta</strong></span> <span class='ocrx_word' id='word_1_205' title='bbox 691 1686 934 1736; x_wconf 87' lang='lat' dir='ltr'><strong>haereseon,</strong></span> <span class='ocrx_word' id='word_1_206' title='bbox 980 1682 1141 1739; x_wconf 87' lang='lat' dir='ltr'><strong>quasin</strong></span> <span class='ocrx_word' id='word_1_207' title='bbox 1162 1682 1296 1724; x_wconf 88' lang='lat' dir='ltr'><strong>orbem</strong></span> <span class='ocrx_word' id='word_1_208' title='bbox 1329 1689 1525 1724; x_wconf 90' lang='lat' dir='ltr'><strong>terrarum</strong></span> <span class='ocrx_word' id='word_1_209' title='bbox 1555 1682 1679 1723; x_wconf 90' lang='lat' dir='ltr'><strong>intro-</strong></span> 
     </span>
     <span class='ocr_line' id='line_1_23' title="bbox 130 1750 1678 1808; baseline -0.005 -9"><span class='ocrx_word' id='word_1_210' title='bbox 130 1755 269 1801; x_wconf 69' lang='lat' dir='ltr'><strong>eseias</strong></span> <span class='ocrx_word' id='word_1_211' title='bbox 289 1756 339 1799; x_wconf 86' lang='lat' dir='ltr'><strong>ad</strong></span> <span class='ocrx_word' id='word_1_212' title='bbox 364 1755 590 1798; x_wconf 84' lang='lat' dir='ltr'><strong>banc-diem</strong></span> <span class='ocrx_word' id='word_1_213' title='bbox 614 1755 860 1804; x_wconf 84' lang='lat' dir='ltr'><strong>audivimus,</strong></span> <span class='ocrx_word' id='word_1_214' title='bbox 892 1765 1131 1808; x_wconf 84' lang='lat' dir='ltr'><strong>quarumque</strong></span> <span class='ocrx_word' id='word_1_215' title='bbox 1159 1764 1360 1793; x_wconf 86' lang='lat' dir='ltr'><strong>numerum</strong></span> <span class='ocrx_word' id='word_1_216' title='bbox 1388 1757 1428 1792; x_wconf 90' lang='lat' dir='ltr'><strong>et</strong></span> <span class='ocrx_word' id='word_1_217' title='bbox 1452 1750 1678 1807; x_wconf 89' lang='lat' dir='ltr'><strong>appellatio—</strong></span> 
     </span>
     <span class='ocr_line' id='line_1_24' title="bbox 131 1819 1682 1877; baseline -0.005 -9"><span class='ocrx_word' id='word_1_218' title='bbox 131 1837 229 1877; x_wconf 64' lang='grc' dir='ltr'><strong>ου,</strong></span> <span class='ocrx_word' id='word_1_219' title='bbox 270 1825 543 1867; x_wconf 71' lang='lat' dir='ltr'><strong>nemausi-um</strong></span> <span class='ocrx_word' id='word_1_220' title='bbox 575 1823 692 1866; x_wconf 88' lang='lat' dir='ltr'><strong>etiam</strong></span> <span class='ocrx_word' id='word_1_221' title='bbox 726 1823 886 1864; x_wconf 87' lang='lat' dir='ltr'><strong>decreta</strong></span> <span class='ocrx_word' id='word_1_222' title='bbox 909 1828 948 1862; x_wconf 88' lang='lat' dir='ltr'><strong>et</strong></span> <span class='ocrx_word' id='word_1_223' title='bbox 980 1827 1236 1876; x_wconf 72' lang='lat' dir='ltr'><strong>argumenta,</strong></span> <span class='ocrx_word' id='word_1_224' title='bbox 1278 1819 1585 1876; x_wconf 82' lang='lat' dir='ltr'><strong>affectionesque</strong></span> <span class='ocrx_word' id='word_1_225' title='bbox 1615 1834 1682 1861; x_wconf 88' lang='lat' dir='ltr'><strong>co-</strong></span> 
     </span>
     <span class='ocr_line' id='line_1_25' title="bbox 133 1888 1679 1948; baseline -0.005 -12"><span class='ocrx_word' id='word_1_226' title='bbox 133 1892 368 1948; x_wconf 61' lang='lat' dir='ltr'><strong>gnovimus,</strong></span> <span class='ocrx_word' id='word_1_227' title='bbox 409 1907 520 1943; x_wconf 85' lang='lat' dir='ltr'><strong>cum,</strong></span> <span class='ocrx_word' id='word_1_228' title='bbox 561 1891 717 1948; x_wconf 83' lang='lat' dir='ltr'><strong>iuquam</strong></span> <span class='ocrx_word' id='word_1_229' title='bbox 733 1923 745 1944; x_wconf 97' lang='lat'><strong>,</strong></span> <span class='ocrx_word' id='word_1_230' title='bbox 793 1891 945 1932; x_wconf 89' lang='lat' dir='ltr'><strong>illarum</strong></span> <span class='ocrx_word' id='word_1_231' title='bbox 983 1888 1159 1945; x_wconf 81' lang='lat' dir='ltr'><strong>origines</strong></span> <span class='ocrx_word' id='word_1_232' title='bbox 1195 1902 1434 1944; x_wconf 80' lang='lat' dir='ltr'><strong>caussasque</strong></span> <span class='ocrx_word' id='word_1_233' title='bbox 1472 1889 1576 1930; x_wconf 86' lang='lat' dir='ltr'><strong>nulla</strong></span> <span class='ocrx_word' id='word_1_234' title='bbox 1619 1903 1679 1941; x_wconf 90' lang='lat' dir='ltr'><strong>re,</strong></span> 
     </span>
     <span class='ocr_line' id='line_1_26' title="bbox 134 1957 1682 2017; baseline -0.004 -13"><span class='ocrx_word' id='word_1_235' title='bbox 134 1960 263 2016; x_wconf 76' lang='lat' dir='ltr'><strong>quoad</strong></span> <span class='ocrx_word' id='word_1_236' title='bbox 285 1960 370 2003; x_wconf 68' lang='lat' dir='ltr'><strong>fleri</strong></span> <span class='ocrx_word' id='word_1_237' title='bbox 390 1961 538 2016; x_wconf 86' lang='lat' dir='ltr'><strong>potuit,</strong></span> <span class='ocrx_word' id='word_1_238' title='bbox 570 1959 849 2017; x_wconf 89' lang='lat' dir='ltr'><strong>praetermissa</strong></span> <span class='ocrx_word' id='word_1_239' title='bbox 866 1957 1132 2009; x_wconf 86' lang='lat' dir='ltr'><strong>docuerimus,</strong></span> <span class='ocrx_word' id='word_1_240' title='bbox 1166 1957 1421 2000; x_wconf 85' lang='lat' dir='ltr'><strong>vehementer</strong></span> <span class='ocrx_word' id='word_1_241' title='bbox 1444 1957 1535 1999; x_wconf 90' lang='lat' dir='ltr'><strong>illud</strong></span> <span class='ocrx_word' id='word_1_242' title='bbox 1560 1957 1682 1999; x_wconf 87' lang='lat' dir='ltr'><strong>admi-</strong></span> 
     </span>
    </p>
   </div>
   <div class='ocr_carea' id='block_1_3' title="bbox 53 2019 1870 2084">
    <p class='ocr_par' dir='ltr' id='par_1_4' title="bbox 53 2019 1870 2084">
     <span class='ocr_line' id='line_1_27' title="bbox 53 2019 1870 2084; baseline -0.003 -12"><span class='ocrx_word' id='word_1_243' title='bbox 53 2049 57 2058; x_wconf 83' lang='lat'><em>·</em></span> <span class='ocrx_word' id='word_1_244' title='bbox 135 2028 215 2073; x_wconf 89' lang='lat' dir='ltr'><strong>rari</strong></span> <span class='ocrx_word' id='word_1_245' title='bbox 248 2028 352 2071; x_wconf 83' lang='lat' dir='ltr'><strong>subit</strong></span> <span class='ocrx_word' id='word_1_246' title='bbox 382 2028 485 2084; x_wconf 82' lang='lat' dir='ltr'><strong>quod</strong></span> <span class='ocrx_word' id='word_1_247' title='bbox 514 2028 554 2070; x_wconf 90' lang='lat' dir='ltr'><strong>in</strong></span> <span class='ocrx_word' id='word_1_248' title='bbox 582 2028 707 2071; x_wconf 86' lang='lat' dir='ltr'><strong>saeris</strong></span> <span class='ocrx_word' id='word_1_249' title='bbox 729 2028 855 2070; x_wconf 86' lang='lat' dir='ltr'><strong>literis</strong></span> <span class='ocrx_word' id='word_1_250' title='bbox 872 2028 1118 2070; x_wconf 82' lang='lat' dir='ltr'><strong>continetur:</strong></span> <span class='ocrx_word' id='word_1_251' title='bbox 1165 2019 1377 2080; x_wconf 71' lang='lat' dir='ltr'><strong>Sexaginta</strong></span> <span class='ocrx_word' id='word_1_252' title='bbox 1394 2035 1486 2067; x_wconf 76' lang='lat' dir='ltr'><strong>sune</strong></span> <span class='ocrx_word' id='word_1_253' title='bbox 1505 2030 1677 2080; x_wconf 79' lang='lat' dir='ltr'><strong>reginae,</strong></span> <span class='ocrx_word' id='word_1_254' title='bbox 1700 2029 1824 2066; x_wconf 52' lang='lat' dir='ltr'><strong>cuns,</strong></span> <span class='ocrx_word' id='word_1_255' title='bbox 1841 2032 1870 2060; x_wconf 74' lang='lat'><strong>²-</strong></span> 
     </span>
    </p>
   </div>
   <div class='ocr_carea' id='block_1_4' title="bbox 134 2097 1686 3043">
    <p class='ocr_par' dir='ltr' id='par_1_5' title="bbox 134 2097 1686 3043">
     <span class='ocr_line' id='line_1_28' title="bbox 134 2097 1681 2150; baseline -0.003 -11"><span class='ocrx_word' id='word_1_256' title='bbox 134 2104 174 2139; x_wconf 74' lang='lat' dir='ltr'><strong>et</strong></span> <span class='ocrx_word' id='word_1_257' title='bbox 191 2099 412 2150; x_wconf 62' lang='lat' dir='ltr'><strong>neminen</strong></span> <span class='ocrx_word' id='word_1_258' title='bbox 436 2097 686 2145; x_wconf 61' lang='lat' dir='ltr'><strong>conabum,</strong></span> <span class='ocrx_word' id='word_1_259' title='bbox 726 2105 764 2137; x_wconf 78' lang='lat' dir='ltr'><strong>el</strong></span> <span class='ocrx_word' id='word_1_260' title='bbox 792 2098 1094 2137; x_wconf 73' lang='lat' dir='ltr'><strong>adolescentulae</strong></span> <span class='ocrx_word' id='word_1_261' title='bbox 1123 2110 1283 2149; x_wconf 78' lang='lat' dir='ltr'><strong>quarum</strong></span> <span class='ocrx_word' id='word_1_262' title='bbox 1314 2097 1445 2136; x_wconf 75' lang='lat' dir='ltr'><strong>nullus</strong></span> <span class='ocrx_word' id='word_1_263' title='bbox 1471 2103 1531 2136; x_wconf 77' lang='lat' dir='ltr'><strong>est</strong></span> <span class='ocrx_word' id='word_1_264' title='bbox 1554 2110 1681 2136; x_wconf 75' lang='lat' dir='ltr'><strong>nume-</strong></span> 
     </span>
     <span class='ocr_line' id='line_1_29' title="bbox 134 2162 1681 2220; baseline -0.001 -13"><span class='ocrx_word' id='word_1_265' title='bbox 134 2179 228 2216; x_wconf 76' lang='lat' dir='ltr'><strong>rus,-</strong></span> <span class='ocrx_word' id='word_1_266' title='bbox 269 2179 346 2207; x_wconf 75' lang='lat' dir='ltr'><strong>m</strong></span> <span class='ocrx_word' id='word_1_267' title='bbox 364 2173 423 2206; x_wconf 77' lang='lat' dir='ltr'><strong>ese</strong></span> <span class='ocrx_word' id='word_1_268' title='bbox 442 2166 612 2206; x_wconf 65' lang='lat' dir='ltr'><strong>columba</strong></span> <span class='ocrx_word' id='word_1_269' title='bbox 641 2179 742 2213; x_wconf 76' lang='lat' dir='ltr'><strong>mea,</strong></span> <span class='ocrx_word' id='word_1_270' title='bbox 781 2167 951 2220; x_wconf 58' lang='lat' dir='ltr'><strong>perlecta</strong></span> <span class='ocrx_word' id='word_1_271' title='bbox 985 2179 1079 2206; x_wconf 85' lang='lat' dir='ltr'><strong>mea.</strong></span> <span class='ocrx_word' id='word_1_272' title='bbox 1144 2162 1204 2206; x_wconf 87' lang='lat' dir='ltr'><strong>De</strong></span> <span class='ocrx_word' id='word_1_273' title='bbox 1242 2163 1302 2205; x_wconf 88' lang='lat' dir='ltr'><strong>his</strong></span> <span class='ocrx_word' id='word_1_274' title='bbox 1332 2164 1452 2220; x_wconf 80' lang='lat' dir='ltr'><strong>igitur</strong></span> <span class='ocrx_word' id='word_1_275' title='bbox 1481 2164 1681 2220; x_wconf 82' lang='lat' dir='ltr'><strong>octoginta</strong></span> 
     </span>
     <span class='ocr_line' id='line_1_30' title="bbox 135 2230 1680 2291; baseline -0.001 -15"><span class='ocrx_word' id='word_1_276' title='bbox 135 2233 339 2291; x_wconf 76' lang='lat' dir='ltr'><strong>pellicibus</strong></span> <span class='ocrx_word' id='word_1_277' title='bbox 368 2232 557 2276; x_wconf 87' lang='lat' dir='ltr'><strong>hactenus</strong></span> <span class='ocrx_word' id='word_1_278' title='bbox 593 2232 768 2288; x_wconf 79' lang='lat' dir='ltr'><strong>egimus,</strong></span> <span class='ocrx_word' id='word_1_279' title='bbox 813 2231 1089 2284; x_wconf 86' lang='lat' dir='ltr'><strong>Barbarismo,</strong></span> <span class='ocrx_word' id='word_1_280' title='bbox 1125 2231 1390 2284; x_wconf 82' lang='lat' dir='ltr'><strong>Hellenismo,</strong></span> <span class='ocrx_word' id='word_1_281' title='bbox 1435 2230 1680 2289; x_wconf 84' lang='lat' dir='ltr'><strong>Scythismo,</strong></span> 
     </span>
     <span class='ocr_line' id='line_1_31' title="bbox 135 2299 1683 2358; baseline -0.001 -13"><span class='ocrx_word' id='word_1_282' title='bbox 135 2299 358 2354; x_wconf 72' lang='lat' dir='ltr'><strong>ludaismo,</strong></span> <span class='ocrx_word' id='word_1_283' title='bbox 389 2309 431 2343; x_wconf 90' lang='lat' dir='ltr'><strong>et.</strong></span> <span class='ocrx_word' id='word_1_284' title='bbox 454 2299 750 2353; x_wconf 87' lang='lat' dir='ltr'><strong>Samaritismo,</strong></span> <span class='ocrx_word' id='word_1_285' title='bbox 794 2315 893 2358; x_wconf 86' lang='lat' dir='ltr'><strong>quae</strong></span> <span class='ocrx_word' id='word_1_286' title='bbox 927 2316 1095 2344; x_wconf 75' lang='lat' dir='ltr'><strong>uxorum</strong></span> <span class='ocrx_word' id='word_1_287' title='bbox 1129 2301 1286 2343; x_wconf 89' lang='lat' dir='ltr'><strong>minime</strong></span> <span class='ocrx_word' id='word_1_288' title='bbox 1319 2300 1579 2356; x_wconf 85' lang='lat' dir='ltr'><strong>legitimarum</strong></span> <span class='ocrx_word' id='word_1_289' title='bbox 1612 2315 1683 2343; x_wconf 89' lang='lat' dir='ltr'><strong>no·</strong></span> 
     </span>
     <span class='ocr_line' id='line_1_32' title="bbox 137 2368 1683 2425; baseline -0.002 -11"><span class='ocrx_word' id='word_1_290' title='bbox 137 2370 242 2414; x_wconf 72' lang='lat' dir='ltr'><strong>ntus</strong></span> <span class='ocrx_word' id='word_1_291' title='bbox 264 2378 379 2422; x_wconf 88' lang='lat' dir='ltr'><strong>suut,</strong></span> <span class='ocrx_word' id='word_1_292' title='bbox 424 2368 640 2412; x_wconf 85' lang='lat' dir='ltr'><strong>cuiusmodi</strong></span> <span class='ocrx_word' id='word_1_293' title='bbox 671 2383 797 2425; x_wconf 88' lang='lat' dir='ltr'><strong>neque</strong></span> <span class='ocrx_word' id='word_1_294' title='bbox 821 2370 869 2412; x_wconf 87' lang='lat' dir='ltr'><strong>ab</strong></span> <span class='ocrx_word' id='word_1_295' title='bbox 892 2384 987 2425; x_wconf 76' lang='lat' dir='ltr'><strong>rege</strong></span> <span class='ocrx_word' id='word_1_296' title='bbox 1013 2370 1143 2412; x_wconf 87' lang='lat' dir='ltr'><strong>dotem</strong></span> <span class='ocrx_word' id='word_1_297' title='bbox 1177 2376 1435 2425; x_wconf 83' lang='lat' dir='ltr'><strong>acceperunt,</strong></span> <span class='ocrx_word' id='word_1_298' title='bbox 1480 2383 1607 2425; x_wconf 87' lang='lat' dir='ltr'><strong>neque</strong></span> <span class='ocrx_word' id='word_1_299' title='bbox 1643 2369 1683 2411; x_wconf 91' lang='lat' dir='ltr'><strong>in</strong></span> 
     </span>
     <span class='ocr_line' id='line_1_33' title="bbox 138 2436 1683 2494; baseline -0.003 -12"><span class='ocrx_word' id='word_1_300' title='bbox 138 2439 360 2482; x_wconf 71' lang='lat' dir='ltr'><strong>testamenti</strong></span> <span class='ocrx_word' id='word_1_301' title='bbox 399 2438 540 2480; x_wconf 88' lang='lat' dir='ltr'><strong>tabulis</strong></span> <span class='ocrx_word' id='word_1_302' title='bbox 573 2452 657 2479; x_wconf 87' lang='lat' dir='ltr'><strong>cum</strong></span> <span class='ocrx_word' id='word_1_303' title='bbox 685 2437 772 2479; x_wconf 82' lang='lat' dir='ltr'><strong>titiis</strong></span> <span class='ocrx_word' id='word_1_304' title='bbox 805 2438 970 2480; x_wconf 87' lang='lat' dir='ltr'><strong>heredes</strong></span> <span class='ocrx_word' id='word_1_305' title='bbox 995 2437 1165 2494; x_wconf 85' lang='lat' dir='ltr'><strong>scriptae</strong></span> <span class='ocrx_word' id='word_1_306' title='bbox 1191 2444 1297 2479; x_wconf 91' lang='lat' dir='ltr'><strong>sunt.</strong></span> <span class='ocrx_word' id='word_1_307' title='bbox 1361 2436 1515 2479; x_wconf 86' lang='lat' dir='ltr'><strong>Etenim</strong></span> <span class='ocrx_word' id='word_1_308' title='bbox 1539 2437 1572 2478; x_wconf 93' lang='lat' dir='ltr'><strong>si</strong></span> <span class='ocrx_word' id='word_1_309' title='bbox 1594 2451 1683 2494; x_wconf 89' lang='lat' dir='ltr'><strong>pro—</strong></span> 
     </span>
     <span class='ocr_line' id='line_1_34' title="bbox 138 2503 1683 2565; baseline -0.003 -15"><span class='ocrx_word' id='word_1_310' title='bbox 138 2507 224 2565; x_wconf 75' lang='lat' dir='ltr'><strong>prie</strong></span> <span class='ocrx_word' id='word_1_311' title='bbox 246 2507 352 2563; x_wconf 88' lang='lat' dir='ltr'><strong>loqui</strong></span> <span class='ocrx_word' id='word_1_312' title='bbox 377 2507 566 2557; x_wconf 86' lang='lat' dir='ltr'><strong>velimus,</strong></span> <span class='ocrx_word' id='word_1_313' title='bbox 608 2503 769 2547; x_wconf 78' lang='lat' dir='ltr'>LXXV</span> <span class='ocrx_word' id='word_1_314' title='bbox 795 2512 887 2547; x_wconf 90' lang='lat' dir='ltr'><strong>sunt</strong></span> <span class='ocrx_word' id='word_1_315' title='bbox 907 2505 1118 2556; x_wconf 82' lang='lat' dir='ltr'><strong>haereses,</strong></span> <span class='ocrx_word' id='word_1_316' title='bbox 1161 2520 1323 2561; x_wconf 82' lang='lat' dir='ltr'><strong>quarum</strong></span> <span class='ocrx_word' id='word_1_317' title='bbox 1348 2513 1491 2547; x_wconf 81' lang='lat' dir='ltr'><strong>matres</strong></span> <span class='ocrx_word' id='word_1_318' title='bbox 1514 2506 1683 2561; x_wconf 89' lang='lat' dir='ltr'><strong>quinque</strong></span> 
     </span>
     <span class='ocr_line' id='line_1_35' title="bbox 138 2573 1682 2634; baseline -0.003 -14"><span class='ocrx_word' id='word_1_319' title='bbox 138 2581 246 2629; x_wconf 75' lang='lat' dir='ltr'><strong>sant,</strong></span> <span class='ocrx_word' id='word_1_320' title='bbox 277 2585 367 2634; x_wconf 78' lang='lat' dir='ltr'><strong>puta</strong></span> <span class='ocrx_word' id='word_1_321' title='bbox 392 2573 673 2625; x_wconf 80' lang='lat' dir='ltr'><strong>flelleuismus‚</strong></span> <span class='ocrx_word' id='word_1_322' title='bbox 706 2573 791 2616; x_wconf 79' lang='lat' dir='ltr'><strong>sive</strong></span> <span class='ocrx_word' id='word_1_323' title='bbox 815 2574 1019 2630; x_wconf 76' lang='lat' dir='ltr'><strong>gentilium</strong></span> <span class='ocrx_word' id='word_1_324' title='bbox 1044 2582 1168 2623; x_wconf 83' lang='lat' dir='ltr'><strong>secta,</strong></span> <span class='ocrx_word' id='word_1_325' title='bbox 1201 2588 1223 2616; x_wconf 90' lang='lat' dir='ltr'><strong>a</strong></span> <span class='ocrx_word' id='word_1_326' title='bbox 1246 2588 1320 2630; x_wconf 86' lang='lat' dir='ltr'><strong>qua</strong></span> <span class='ocrx_word' id='word_1_327' title='bbox 1342 2574 1509 2628; x_wconf 82' lang='lat' dir='ltr'><strong>gentiles</strong></span> <span class='ocrx_word' id='word_1_328' title='bbox 1530 2574 1682 2615; x_wconf 85' lang='lat' dir='ltr'><strong>oriundi</strong></span> 
     </span>
     <span class='ocr_line' id='line_1_36' title="bbox 138 2640 1681 2697; baseline -0.002 -9"><span class='ocrx_word' id='word_1_329' title='bbox 138 2650 256 2697; x_wconf 68' lang='lat' dir='ltr'><strong>ant,</strong></span> <span class='ocrx_word' id='word_1_330' title='bbox 301 2642 543 2694; x_wconf 81' lang='lat' dir='ltr'><strong>ludaismos,</strong></span> <span class='ocrx_word' id='word_1_331' title='bbox 588 2642 689 2684; x_wconf 89' lang='lat' dir='ltr'><strong>unde</strong></span> <span class='ocrx_word' id='word_1_332' title='bbox 722 2642 851 2684; x_wconf 82' lang='lat' dir='ltr'><strong>ludaei</strong></span> <span class='ocrx_word' id='word_1_333' title='bbox 882 2649 922 2683; x_wconf 88' lang='lat' dir='ltr'><strong>et</strong></span> <span class='ocrx_word' id='word_1_334' title='bbox 952 2641 1161 2694; x_wconf 85' lang='lat' dir='ltr'><strong>haereses,</strong></span> <span class='ocrx_word' id='word_1_335' title='bbox 1206 2655 1253 2684; x_wconf 88' lang='lat' dir='ltr'><strong>ac</strong></span> <span class='ocrx_word' id='word_1_336' title='bbox 1286 2640 1520 2684; x_wconf 85' lang='lat' dir='ltr'><strong>Samaritica</strong></span> <span class='ocrx_word' id='word_1_337' title='bbox 1555 2649 1681 2695; x_wconf 81' lang='lat' dir='ltr'><strong>secta,</strong></span> 
     </span>
     <span class='ocr_line' id='line_1_37' title="bbox 140 2708 1684 2767; baseline -0.001 -11"><span class='ocrx_word' id='word_1_338' title='bbox 140 2713 243 2756; x_wconf 82' lang='lat' dir='ltr'><strong>unde</strong></span> <span class='ocrx_word' id='word_1_339' title='bbox 264 2709 583 2762; x_wconf 85' lang='lat' dir='ltr'><strong>Samaritismus,</strong></span> <span class='ocrx_word' id='word_1_340' title='bbox 626 2718 663 2752; x_wconf 89' lang='lat' dir='ltr'><strong>et</strong></span> <span class='ocrx_word' id='word_1_341' title='bbox 686 2708 1029 2752; x_wconf 81' lang='lat' dir='ltr'><strong>Christianismus.</strong></span> <span class='ocrx_word' id='word_1_342' title='bbox 1091 2710 1155 2752; x_wconf 77' lang='lat' dir='ltr'><strong>Ab</strong></span> <span class='ocrx_word' id='word_1_343' title='bbox 1187 2709 1246 2752; x_wconf 85' lang='lat' dir='ltr'><strong>his</strong></span> <span class='ocrx_word' id='word_1_344' title='bbox 1269 2710 1376 2752; x_wconf 89' lang='lat' dir='ltr'><strong>velut</strong></span> <span class='ocrx_word' id='word_1_345' title='bbox 1405 2709 1502 2752; x_wconf 90' lang='lat' dir='ltr'><strong>rami</strong></span> <span class='ocrx_word' id='word_1_346' title='bbox 1529 2709 1684 2767; x_wconf 89' lang='lat' dir='ltr'><strong>quidam</strong></span> 
     </span>
     <span class='ocr_line' id='line_1_38' title="bbox 141 2775 1684 2838; baseline -0.001 -14"><span class='ocrx_word' id='word_1_347' title='bbox 141 2787 347 2838; x_wconf 80' lang='lat' dir='ltr'><strong>separatae</strong></span> <span class='ocrx_word' id='word_1_348' title='bbox 371 2780 555 2822; x_wconf 83' lang='lat' dir='ltr'><strong>haereses</strong></span> <span class='ocrx_word' id='word_1_349' title='bbox 577 2780 737 2821; x_wconf 77' lang='lat' dir='ltr'><strong>avulsae</strong></span> <span class='ocrx_word' id='word_1_350' title='bbox 764 2786 868 2820; x_wconf 90' lang='lat' dir='ltr'><strong>sunt.</strong></span> <span class='ocrx_word' id='word_1_351' title='bbox 931 2775 1043 2832; x_wconf 86' lang='lat' dir='ltr'><strong>Quae</strong></span> <span class='ocrx_word' id='word_1_352' title='bbox 1069 2778 1160 2819; x_wconf 86' lang='lat' dir='ltr'><strong>licet</strong></span> <span class='ocrx_word' id='word_1_353' title='bbox 1185 2775 1333 2820; x_wconf 85' lang='lat' dir='ltr'><strong>Christi</strong></span> <span class='ocrx_word' id='word_1_354' title='bbox 1359 2792 1501 2820; x_wconf 90' lang='lat' dir='ltr'><strong>nomen</strong></span> <span class='ocrx_word' id='word_1_355' title='bbox 1528 2793 1619 2836; x_wconf 89' lang='lat' dir='ltr'><strong>prae</strong></span> <span class='ocrx_word' id='word_1_356' title='bbox 1640 2794 1684 2822; x_wconf 92' lang='lat' dir='ltr'><strong>se</strong></span> 
     </span>
     <span class='ocr_line' id='line_1_39' title="bbox 144 2846 1685 2902; baseline -0.001 -10"><span class='ocrx_word' id='word_1_357' title='bbox 144 2850 296 2901; x_wconf 86' lang='lat' dir='ltr'><strong>l&#39;eraut,</strong></span> <span class='ocrx_word' id='word_1_358' title='bbox 339 2849 431 2891; x_wconf 89' lang='lat' dir='ltr'><strong>nihil</strong></span> <span class='ocrx_word' id='word_1_359' title='bbox 465 2857 593 2890; x_wconf 85' lang='lat' dir='ltr'><strong>tamen</strong></span> <span class='ocrx_word' id='word_1_360' title='bbox 630 2849 676 2889; x_wconf 91' lang='lat' dir='ltr'><strong>ad</strong></span> <span class='ocrx_word' id='word_1_361' title='bbox 711 2848 816 2889; x_wconf 86' lang='lat' dir='ltr'><strong>illum</strong></span> <span class='ocrx_word' id='word_1_362' title='bbox 847 2847 1066 2902; x_wconf 85' lang='lat' dir='ltr'><strong>pertinent,</strong></span> <span class='ocrx_word' id='word_1_363' title='bbox 1110 2846 1178 2887; x_wconf 91' lang='lat' dir='ltr'><strong>sed</strong></span> <span class='ocrx_word' id='word_1_364' title='bbox 1206 2846 1344 2902; x_wconf 89' lang='lat' dir='ltr'><strong>partim</strong></span> <span class='ocrx_word' id='word_1_365' title='bbox 1371 2846 1523 2902; x_wconf 82' lang='lat' dir='ltr'><strong>longius</strong></span> <span class='ocrx_word' id='word_1_366' title='bbox 1546 2847 1594 2889; x_wconf 88' lang='lat' dir='ltr'><strong>ab</strong></span> <span class='ocrx_word' id='word_1_367' title='bbox 1619 2849 1685 2890; x_wconf 90' lang='lat' dir='ltr'><strong>illo</strong></span> 
     </span>
     <span class='ocr_line' id='line_1_40' title="bbox 143 2914 1686 2973; baseline -0.001 -13"><span class='ocrx_word' id='word_1_368' title='bbox 143 2916 302 2968; x_wconf 84' lang='lat' dir='ltr'><strong>distant,</strong></span> <span class='ocrx_word' id='word_1_369' title='bbox 332 2917 469 2973; x_wconf 86' lang='lat' dir='ltr'><strong>partim</strong></span> <span class='ocrx_word' id='word_1_370' title='bbox 489 2917 684 2958; x_wconf 86' lang='lat' dir='ltr'><strong>minimam</strong></span> <span class='ocrx_word' id='word_1_371' title='bbox 704 2916 753 2957; x_wconf 90' lang='lat' dir='ltr'><strong>ob</strong></span> <span class='ocrx_word' id='word_1_372' title='bbox 774 2929 954 2957; x_wconf 86' lang='lat' dir='ltr'><strong>caussam</strong></span> <span class='ocrx_word' id='word_1_373' title='bbox 975 2914 1024 2956; x_wconf 92' lang='lat' dir='ltr'><strong>ob</strong></span> <span class='ocrx_word' id='word_1_374' title='bbox 1047 2914 1150 2955; x_wconf 91' lang='lat' dir='ltr'><strong>omni</strong></span> <span class='ocrx_word' id='word_1_375' title='bbox 1170 2914 1273 2955; x_wconf 86' lang='lat' dir='ltr'><strong>illius</strong></span> <span class='ocrx_word' id='word_1_376' title='bbox 1300 2914 1515 2959; x_wconf 86' lang='lat' dir='ltr'><strong>hereditate</strong></span> <span class='ocrx_word' id='word_1_377' title='bbox 1535 2915 1686 2958; x_wconf 85' lang='lat' dir='ltr'><strong>alienas</strong></span> 
     </span>
     <span class='ocr_line' id='line_1_41' title="bbox 144 2982 1686 3043; baseline -0.001 -15"><span class='ocrx_word' id='word_1_378' title='bbox 144 2999 191 3029; x_wconf 91' lang='lat' dir='ltr'><strong>ae</strong></span> <span class='ocrx_word' id='word_1_379' title='bbox 213 2985 440 3043; x_wconf 82' lang='lat' dir='ltr'><strong>peregrinas</strong></span> <span class='ocrx_word' id='word_1_380' title='bbox 472 2999 517 3027; x_wconf 86' lang='lat' dir='ltr'><strong>se</strong></span> <span class='ocrx_word' id='word_1_381' title='bbox 552 2985 718 3036; x_wconf 80' lang='lat' dir='ltr'><strong>faciunt,</strong></span> <span class='ocrx_word' id='word_1_382' title='bbox 763 2998 836 3026; x_wconf 83' lang='lat' dir='ltr'><strong>una</strong></span> <span class='ocrx_word' id='word_1_383' title='bbox 866 2998 952 3025; x_wconf 84' lang='lat' dir='ltr'><strong>cum</strong></span> <span class='ocrx_word' id='word_1_384' title='bbox 979 2982 1150 3039; x_wconf 84' lang='lat' dir='ltr'><strong>ipsarum</strong></span> <span class='ocrx_word' id='word_1_385' title='bbox 1183 2982 1341 3034; x_wconf 80' lang='lat' dir='ltr'><strong>liberis3</strong></span> <span class='ocrx_word' id='word_1_386' title='bbox 1382 2997 1469 3025; x_wconf 85' lang='lat' dir='ltr'><strong>cum</strong></span> <span class='ocrx_word' id='word_1_387' title='bbox 1503 2983 1686 3027; x_wconf 86' lang='lat' dir='ltr'><strong>videlicet</strong></span> 
     </span>
    </p>
   </div>
   <div class='ocr_carea' id='block_1_5' title="bbox 191 3072 575 3118">
    <p class='ocr_par' dir='ltr' id='par_1_6' title="bbox 191 3072 575 3118">
     <span class='ocr_line' id='line_1_42' title="bbox 191 3072 575 3118; baseline -0.005 -7"><span class='ocrx_word' id='word_1_388' title='bbox 191 3076 222 3111; x_wconf 73' lang='lat'><strong>5.</strong></span> <span class='ocrx_word' id='word_1_389' title='bbox 246 3072 332 3112; x_wconf 71' lang='grc' dir='ltr'><strong>αὐτὰ</strong></span> <span class='ocrx_word' id='word_1_390' title='bbox 356 3077 424 3110; x_wconf 79' lang='lat' dir='ltr'><strong>cod.</strong></span> <span class='ocrx_word' id='word_1_391' title='bbox 446 3077 575 3118; x_wconf 63' lang='lat' dir='ltr'><strong>abadia,</strong></span> 
     </span>
    </p>
   </div>
  </div>
 </body>
</html>
