2020 3276
494 223 677 259 PANAlm
701 223 785 257 Lm.
813 224 871 256 nt.
895 223 1003 258 ToM.
1025 223 1051 256 1.
1076 222 1209 256 HAER.
1230 221 1390 256 LXXVI.
1616 211 1702 253 269

155 311 307 358 ‘senae
329 303 499 363 possetis
522 303 680 346 indulsi.
744 301 814 346 Sic
839 303 942 344 enim
967 303 1152 359 scriptum
1181 309 1263 344 est:
1308 304 1420 342 Dedit
1438 303 1518 342 illis
1533 308 1701 354 potesta-
1720 308 1854 343 ποια-,1,
1865 307 1906 335 1².

157 375 350 429 *filios
367 374 546 427 deifien'.
608 370 827 428 Propterea
848 385 934 413 cum
957 371 1021 412 ille
1045 372 1143 427 apud
1167 371 1273 425 ipsos
1296 370 1505 421 existeret,
1539 369 1701 410 formam

154 441 264 488 ..rvi
285 441 481 498 suscepit,
514 455 601 483 cnm
623 440 834 482 recentiori
856 453 998 481 recens
1022 439 1333 480 communionem
1359 437 1603 494 suscipiens,
1645 437 1703 479 sic

155 510 377 560 utinterim
399 515 536 552 vetera
559 509 696 550 eodem
720 508 759 550 in
784 516 888 550 statu
913 507 1226 564 permanserint,
1272 520 1399 562 neque
1431 506 1701 548 confusionem

154 579 274 625 ulan
299 591 412 636 passa
444 578 603 620 fuerint.
666 576 876 619 Hominum
908 576 1047 632 quippe
1079 575 1145 616 lilii
1175 574 1365 616 eiusmodi
1405 574 1704 631 participatione

155 648 204 692 ad
225 647 494 703 incorruptum
525 653 669 688 statum
703 645 883 687 translati
915 651 1029 696 sunt,
1077 658 1154 685 non
1189 643 1322 684 eadem
1357 643 1574 684 substantia
1610 657 1705 684 con-

154 715 295 760 iuncti.
343 714 400 758 At
421 729 507 756 cum
529 715 637 757 servi
662 715 823 756 formam
848 712 950 755 filius
973 713 1176 769 accepisse
1198 712 1355 763 dicitur,
1387 711 1478 752 illud
1498 713 1711 765 acceptbndi

155 783 388 828 vocabulum
407 797 552 825 novum
575 783 719 838 aliquid
742 795 790 824 ae
808 795 949 824 recens
968 781 1070 823 istud
1092 780 1274 823 extitisse
1296 780 1553 821 demonstrat.
1588 779 1704 835 Quod

157 859 287 896 mmm
306 852 476 894 additum
502 858 587 903 est,
628 866 711 892 eum
735 854 774 892 in
793 852 920 905 sor-ma
942 853 1007 891 dei
1023 857 1145 898 esset,
1193 849 1445 890 mutationem
1473 848 1614 890 nullam
1648 849 1706 889 in·

157 916 392 965 mmai-se
414 919 624 975 significat.
687 917 802 974 Quae
827 933 913 961 cum
937 919 991 960 ita
1015 931 1104 960 sese
1131 917 1321 969 habeant,
1355 931 1401 958 ac
1423 931 1510 959 cum
1534 917 1707 973 perfecta

157 989 222 1033 aei
244 988 471 1046 cognitione
505 988 714 1030 coniuncta
746 988 871 1044 palam
895 987 943 1029 ab
973 987 1022 1028 iis
1045 993 1277 1028 asserantur
1297 985 1361 1042 qui
1385 985 1570 1027 divinitus
1596 986 1709 1027 insti·

158 1057 234 1102 tuti
253 1065 369 1110 suot,
412 1070 538 1113 neque
559 1057 656 1098 haee
678 1057 823 1109 verba,
866 1059 969 1097 Deus
991 1071 1094 1096 meus
1113 1063 1153 1096 et
1169 1057 1260 1095 deus
1280 1062 1424 1104 vester,
1459 1068 1586 1110 neque
1612 1054 1704 1107 ista,

159 1129 275 1168 star
294 1139 397 1167 meus
416 1133 456 1166 et
472 1133 586 1179 pater·
606 1133 751 1174 vester,
795 1139 929 1181 puram
964 1124 1067 1166 illam
1094 1138 1140 1166 ac
1165 1123 1359 1165 sinceram
1391 1123 1452 1164 dei
1478 1130 1657 1165 naturam
1686 1137 1708 1164 a

161 1200 452 1245 consentanea,
486 1207 560 1235 nee
578 1193 664 1250 ipso
687 1193 869 1250 indigna,
912 1193 1184 1234 communione
1205 1199 1366 1248 propter
1384 1191 1495 1234 vocis
1520 1191 1709 1247 ambigni-

162 1268 282 1306 tatem
313 1275 496 1319 separare
530 1268 737 1318 poterunt,
781 1268 846 1303 aut
873 1261 1076 1317 quicquam
1112 1261 1160 1302 de
1194 1260 1442 1316 proprietatis
1473 1260 1709 1302 excellentia

161 1330 390 1383 detrahent,
422 1344 495 1386 qua
522 1337 633 1386 pater
652 1344 739 1372 cum
761 1330 862 1383 lilio,
895 1330 997 1372 lilius
1021 1344 1108 1371 cum
1133 1337 1265 1386 patre,
1298 1343 1345 1372 ac
1369 1329 1530 1386 spiritus
1551 1336 1709 1372 sanctus

161 1400 328 1456 denique
358 1405 648 1455 comparantur.

189 1501 192 1504 .
274 1466 385 1510 Aetii
405 1465 537 1524 Caput
556 1468 695 1508 XVlll.
735 1465 779 1510 Si
807 1467 981 1523 ingenita
1002 1465 1220 1508 substantia
1238 1466 1486 1522 generationi
1514 1472 1704 1523 praestat,

159 1535 320 1579 insitam
356 1536 395 1578 in
418 1550 507 1579 sese
536 1536 683 1578 habens
711 1536 989 1577 excellentiam
1014 1542 1151 1591 suapte
1176 1542 1317 1576 natura
1337 1534 1512 1590 ingenita
1536 1542 1598 1577 est
1618 1536 1710 1577 sub·

161 1605 321 1649 stantia.
382 1603 524 1660 Neque
548 1605 650 1646 enim
680 1605 741 1646 cui
777 1604 926 1646 libitum
951 1612 1012 1646 est
1033 1618 1104 1660 pro
1129 1617 1178 1645 eo
1200 1604 1302 1659 quod
1328 1603 1476 1645 libitum
1502 1611 1564 1645 est
1588 1618 1708 1659 gene-

162 1673 306 1717 rationi
328 1674 552 1725 antecellit,
596 1673 665 1715 sed
688 1673 790 1729 quod
814 1674 865 1714 ita
891 1680 1030 1715 natura
1053 1679 1301 1728 comparatus
1327 1680 1403 1714 est.
1466 1670 1603 1727 Quare
1623 1687 1709 1715 cum

162 1742 261 1786 dena
282 1755 352 1800 per
374 1755 465 1785 sese
498 1741 673 1798 ingenita
702 1741 754 1783 sit
780 1741 1022 1793 substantia,
1066 1741 1206 1783 rationi
1234 1741 1327 1783 nulli
1355 1741 1544 1797 permittit
1573 1741 1647 1783 sibi
1669 1749 1712 1783 nt

162 1810 458 1868 generationem
483 1811 664 1866 affingat,
707 1811 777 1853 aed
801 1809 1092 1866 inquisitionem
1127 1823 1281 1852 omnem
1308 1816 1348 1851 et
1370 1809 1709 1852 ratiocinationem

162 1880 211 1923 ad
239 1893 308 1923 rea
334 1879 490 1936 genitas
519 1879 701 1922 amandat
729 1893 775 1922 ac
806 1879 949 1921 reiicit.
992 1907 1003 1913 »

280 1944 444 1991 Consut.
477 1945 639 1990 xvnt.
705 1946 746 1990 ln
775 1949 932 1990 easdem
965 1962 1038 1990 nos
1070 1947 1274 1990 molestias
1301 1946 1409 1990 Acti}
1439 1947 1713 2005 importunitas

162 2014 340 2060 immisit.
402 2013 480 2071 Qui
517 2015 605 2058 dum
631 2016 766 2059 eadem
797 2017 956 2073 saepius
980 2017 1028 2059 ab
1054 2016 1167 2059 initio
1189 2017 1235 2058 ad
1263 2017 1376 2058 linem
1403 2030 1526 2072 usque
1550 2017 1708 2074 repetit,

165 2084 339 2128 eiusdem
366 2084 479 2126 nobis
501 2083 665 2126 faciendi
692 2086 969 2128 necessitatem
994 2085 1193 2142 imposuit.
1238 2083 1454 2128 Enimvero
1475 2086 1587 2138 fides,
1611 2099 1709 2141 quae

165 2153 381 2196 catholicos
415 2166 552 2195 omnes
583 2153 630 2195 ad
660 2154 825 2196 salutem
859 2154 1059 2211 perducit,
1107 2154 1361 2195 humanorum
1393 2161 1712 2210 argumentorum

166 2221 383 2266 subtilitate
405 2236 482 2264 non
503 2228 673 2264 constat.
735 2220 1060 2279 Quandoquidem
1090 2221 1237 2264 lubrica
1264 2222 1360 2264 etin
1388 2236 1563 2264 errorem
1591 2236 1712 2279 prona

166 2297 259 2333 nunt
283 2290 480 2333 hominum
506 2290 686 2346 ingenia,
731 2304 858 2347 neque
884 2305 970 2333 cum
994 2290 1144 2332 infinita
1169 2290 1230 2332 dei
1253 2290 1471 2332 substantia
1501 2290 1711 2346 adaequari

165 2365 345 2416 possunt.
408 2357 461 2400 Et
483 2372 578 2400 vero
610 2365 731 2401 totum
767 2359 858 2400 illud
886 2359 1023 2402 salutis
1047 2366 1208 2402 nostrae
1233 2373 1254 2400 a
1277 2356 1439 2401 Christo
1467 2358 1714 2401 administra-

165 2434 248 2471 tum
268 2428 525 2486 mysterium,
575 2428 675 2483 quod
714 2426 935 2469 hominibus
970 2427 1087 2469 vitam
1120 2427 1272 2478 attulit,
1318 2430 1468 2468 ludaeis
1490 2429 1709 2468 scandalum
1730 2439 1919 2475 aeorum.

162 2497 262 2552 βοῒ,
291 2496 471 2550 gentibus
491 2498 677 2544 stultitia,
710 2496 818 2536 nobi}
839 2510 927 2536 vero
949 2499 1091 2536 voeatis
1109 2498 1260 2536 Iudaeis
1279 2503 1317 2535 et
1333 2497 1511 2548 genubus
1538 2498 1711 2536 Christus

166 2567 232 2606 ἐπ’
258 2567 380 2606 vab-tus
401 2572 440 2606 et
459 2567 523 2605 dei
541 2567 750 2618 sapientia.-
792 2567 966 2617 quoniam
997 2566 1099 2617 quod
1131 2566 1288 2604 eculeum
1321 2572 1379 2604 est
1410 2566 1475 2604 dei
1505 2568 1712 2618 sapientius

166 2641 227 2675 nt
246 2635 476 2683 hominibus,
523 2642 562 2674 et
583 2635 683 2687 quod
701 2634 891 2685 infirmum
922 2640 979 2673 est
1005 2635 1070 2673 dei
1082 2634 1224 2686 for-tim
1251 2640 1309 2672 est
1325 2633 1548 2672 homenibus.
1612 2631 1713 2687 Quis

168 2700 290 2759 igitur
311 2702 471 2745 Aetium
498 2716 575 2744 non
607 2701 730 2758 primo
757 2698 912 2743 ludaeis
941 2706 1196 2752 annumeret,
1241 2700 1342 2756 quod
1369 2699 1608 2756 syllogismis
1631 2701 1713 2743 suis

169 2769 258 2813 aliis
279 2769 509 2813 offensionis
538 2784 715 2812 caussam
740 2769 952 2826 praebeat?
982 2775 1062 2810 tum
1090 2781 1186 2811 vero
1209 2767 1396 2823 gentilem
1421 2781 1509 2810 esse
1535 2777 1711 2821 censeat,

170 2839 271 2896 quod
305 2853 398 2896 prae
430 2839 610 2881 affectata
647 2853 716 2881 sua
744 2837 935 2893 sapientia
968 2836 1139 2879 divinam
1169 2835 1374 2878 veritatem
1408 2836 1595 2879 stultitiae
1619 2852 1713 2880 con·

171 2897 356 2951 damnet?
428 2905 585 2950 Etenim
623 2921 724 2950 unus
760 2906 824 2949 ille
857 2904 1036 2947 conditor
1069 2903 1239 2946 omnium
1270 2912 1387 2961 atque
1428 2905 1573 2949 artifex
1608 2907 1713 2949 omni

172 3017 248 3099 ‘⁰⁰7-
266 3018 414 3100 &pmii
431 3023 576 3099 πιΐηάοκ
593 3024 706 3064 ἱερέων
724 3023 756 3055 in
775 3022 846 3055 edit.
862 3022 919 3054 Pe·
1010 3019 1041 3052 8.
1069 3021 1210 3053 Fortasse
1232 3013 1311 3054 οὔτε
1333 3016 1371 3054 τὸ
1383 3044 1394 3063 ,
1419 3017 1542 3065 Πατήρ
1567 3031 1642 3065 μου.

229 3089 236 3099 .
321 3076 371 3100 on.
395 3076 487 3108 repe.
