2020 3276
367 229 449 271 672
827 232 1045 268 ADDBNDA
1066 233 1127 267 m*
1149 231 1450 268 contonam.

366 316 536 359 ἐπιτίθησι
556 312 614 349 τὸν
629 311 739 360 χωλὸν
759 312 810 358 τῷ
830 313 930 359 πηρῷ
942 338 952 357 ,
976 312 1036 348 καὶ
1057 311 1136 354 τοὺς
1154 309 1366 359 ἀμφοτέρους
1388 311 1501 353 ἐτάζει
1524 309 1680 356 μάστιξι,
1703 310 1762 348 καὶ
1785 306 1907 349 &⁴⁸6-

365 384 476 408 νανται
497 369 723 415 ἀρνήσασθαι.
769 366 951 414 Ἑκάτεροι
969 365 1134 415 ἀλλήλους
1155 369 1344 416 ἐλέγχουσιν
1356 395 1365 411 ,
1400 367 1419 404 o'
1439 367 1498 413 μὲν
1517 365 1630 414 χωλὸς
1649 366 1754 414 λέγων
1774 368 1827 415 τῷ
1849 379 1907 404 τυ·

366 429 442 475 φλῶ
455 454 463 468 ,
488 425 542 463 Οὐ
563 425 605 463 σύ
627 439 671 472 με
687 425 882 474 ἐβάστασας
902 426 961 462 καὶ
978 424 1193 472 ἀπήνεγκαςς
1216 427 1276 462 καὶ
1299 423 1318 463 ὅ
1338 423 1466 471 τυφλὸς
1485 425 1536 472 τῷ
1557 425 1683 472 χωλῷ,
1706 421 1783 461 Οὔκ
1805 421 1908 466 αὐτὸς

365 482 537 530 ὀφθαλμοί
571 496 634 529 μου
663 484 823 529 γέγονας;
871 479 995 524 Οὕτως
1015 485 1065 531 τῷ
1101 481 1235 529 σώματι
1266 483 1315 524 εἰς
1345 482 1480 529 ἔλεγχον
1509 482 1576 526 τῆς
1603 481 1719 528 κοινῆς
1746 481 1909 527 ἐργασίας

366 540 586 586 συνάπτεται,
622 543 681 577 καὶ
703 539 728 587 ή
751 541 861 586 κρίσις
882 540 995 576 τελεία
1013 540 1140 586 γίνεται
1161 538 1238 585 παρ’
1263 537 1482 586 ἀμφοτέρων,
1518 536 1681 583 σώματός
1698 549 1738 574 τε
1756 538 1816 574 καὶ
1837 541 1908 582 ψυ-

363 599 448 645 χῆς,
483 599 550 634 τῶν
575 597 680 643 ἔργων
704 598 771 633 τῶν
790 597 1020 644 γεγενημένων
1043 596 1134 643 μήτε
1153 594 1313 643 ἀγαθῶν,
1351 594 1440 641 μήτε
1461 593 1611 642 φαύλων.
1657 594 1730 631 Καὶ
1752 593 1854 640 ὁρᾶτε
1877 595 1909 631 οἱ

362 658 428 700 τῆς
447 654 574 691 ἑαυτῶν
597 657 667 690 κτλ.
690 674 736 682 -
781 655 802 689 l.
824 655 879 691 23.
904 655 992 696 Πῶς
1008 653 1074 700 γοὶρ
1098 652 1118 691 δ
1142 653 1260 690 ἑαυτὸν
1284 652 1436 699 συνάγων
1457 654 1542 687 Ven.
1591 652 1681 687 mem
1700 651 1783 686 ibid.
1805 649 1908 689 ἀλλο-

362 712 462 757 τρίων
484 710 541 749 διὰ
571 711 771 757 νοσημάτων
801 711 923 759 ἑαυτῷ.
947 731 989 738 -
1037 712 1059 745 Ι.
1075 711 1129 747 26.
1163 709 1302 756 ήκέτω,
1335 711 1438 751 εἴτις
1456 711 1527 757 θεῷ’
1549 707 1798 755 ἀντιπράττειν,
1829 710 1907 746 τολ-

364 768 473 815 μάτω.
521 767 610 810 Θεὸς
636 769 702 814 γὰρ
736 770 807 805 κτλ.
838 771 920 803 Ven.
967 770 1044 803 Hoc
1074 769 1305 814 reponendum
1335 774 1397 802 est.
1426 787 1465 794 -
1511 767 1533 801 l.
1546 767 1603 804 27.
1635 764 1907 812 Venet'pleniun

364 823 404 862 οὗ
423 824 599 871 κοπιάσει,
634 824 714 863 οὐδὲ
735 825 904 868 πεινάσει,
929 822 1009 862 οὐδὲ
1035 823 1178 871 διψήσει
1200 827 1270 861 κτλ.
1293 845 1339 852 -
1382 825 1405 860 1.
1422 823 1476 860 28.
1511 822 1627 870 ἐγείρη
1650 825 1723 858 nu.
1745 843 1791 851 —
1835 823 1858 858 1.
1873 823 1905 859 ³.

365 884 406 918 ab
430 884 491 918 inf.
514 879 576 919 Ἐν
600 882 639 920 δὲ
661 883 712 929 τῷ
737 883 847 930 Δαβὶδ
869 884 950 918 Veu.
979 902 1018 909 --
1066 883 1088 916 l.
1113 883 1239 928 penult.
1265 879 1415 927 εὐλόγως
1438 893 1502 916 om.
1526 883 1611 916 Ven.

453 942 561 989 Pag.
585 940 688 978 ³⁷⁰.
732 940 753 974 l.
771 941 799 975 1.
823 936 1001 986 ηὔφρανας
1020 941 1103 974 Ven.
1127 959 1170 966 —-
1214 939 1236 973 l.
1249 939 1282 973 2.
1310 943 1396 973 Ante
1416 938 1478 984 ἐμὲ
1497 939 1606 973 insere
1627 937 1907 985 prnepoeffionem

365 996 438 1044 ἐπ’,
463 1010 547 1045 quae
567 997 700 1032 excidit.
725 1017 767 1024 -
814 997 896 1031 lbid.
921 995 1091 1043 Σαλομῶν
1113 998 1185 1031 Bas.
1230 995 1249 1033 ὅ
1268 995 1432 1042 Σολομῶν
1454 997 1538 1031 Ven.
1561 1014 1606 1022 —
1650 994 1674 1031 l.
1688 994 1721 1030 ὃ.
1746 991 1909 1036 οἶςαῦτως

365 1055 466 1101 ἕκτην
487 1054 521 1091 ἐν
542 1053 638 1091 Σιών
659 1053 764 1100 ἐτοιμ.
786 1056 870 1090 ven.
896 1074 939 1081 -
986 1055 1010 1088 l.
1029 1054 1061 1089 4.
1086 1053 1169 1099 ἔργα
1191 1065 1272 1095 σου,
1307 1054 1385 1099 καὶ,
1417 1050 1622 1099 Ἑτοιμάζου
1645 1049 1776 1092 εἰς’τόν
1794 1047 1906 1097 ἅγρσν,

365 1111 477 1155 ἔξοδον
501 1111 606 1158 λέγων
636 1112 809 1156 (‚‚interm.
831 1111 922 1157 prius
944 1119 981 1146 ut
1003 1113 1119 1157 ⁸upr.“
1139 1111 1312 1146 annotavit
1340 1111 1396 1157 qui
1415 1123 1487 1145 eam
1508 1110 1704 1156 scripturam
1725 1108 1906 1155 exoerpn't)

363 1171 448 1204 Van.
472 1189 515 1196 —-·
562 1170 585 1202 1.
602 1169 634 1204 6.
668 1167 756 1204 κατὰ
787 1167 844 1204 τὸν
875 1165 975 1214 άγρσν
1005 1168 1064 1204 καὶ
1088 1166 1178 1204 κατὰ
1203 1164 1307 1210 ἄστυ,
1342 1166 1454 1214 λόγοις
1472 1179 1511 1203 τε
1533 1166 1593 1203 καὶ
1607 1160 1696 1202 ven.
1721 1185 1767 1193 —
1810 1165 1835 1200 l.
1855 1165 1906 1200 10.

365 1225 462 1273 φωνή
484 1224 509 1272 ή
530 1223 736 1271 ἀδιακρίτως
758 1227 841 1261 ven.
866 1245 909 1252 —
955 1226 977 1259 1.
998 1226 1048 1260 11.
1083 1225 1248 1270 κέκληκεν
1277 1224 1461 1261 ἐπειποῦσα
1490 1226 1574 1260 Van.
1598 1242 1645 1250 —
1686 1223 1711 1259 1.
1724 1222 1780 1260 23.
1802 1219 1908 1269 ἅγρος

364 1282 402 1321 τὸ
422 1282 479 1321 διὰ
499 1281 563 1328 τὴν
582 1282 693 1329 ταφήν
717 1283 812 1324 τέλος
832 1282 909 1329 (καὶ
931 1281 970 1319 τὸ
995 1282 1128 1327 desunt)
1149 1284 1231 1316 Ven.
1260 1301 1301 1308 —
1346 1282 1435 1317 1.14.
1460 1283 1545 1316 Veu.
1568 1293 1637 1316 non
1656 1281 1761 1316 habet
1777 1279 1905 1326 σημαίό

363 1353 438 1378 νων.
485 1341 577 1374 Idem
596 1340 681 1374 liber
699 1340 826 1377 deinde,
837 1340 948 1386 pergit
968 1340 1088 1377 ἐλπίδα
1110 1338 1259 1385 φάσκει,
1282 1338 1354 1374 Καὶ
1371 1335 1629 1384 ἀνοικοδομήσω
1648 1336 1706 1375 τὸν
1724 1336 1815 1376 οἶκόν
1835 1349 1906 1381 σου,

365 1396 427 1435 οὐκ
451 1395 560 1442 εἶπεν,
585 1397 831 1444 Οἰκοδομήσῃς
851 1398 931 1443 (sie)
954 1396 1011 1434 τὸν
1033 1396 1140 1433 οἶκον.
1163 1394 1254 1439 ἅπαξ
1274 1394 1340 1442 γὰρ
1363 1397 1434 1432 κτλ.
1456 1398 1556 1431 Beue.
1578 1414 1624 1424 -
1667 1392 1692 1431 l.
1709 1396 1762 1431 15.
1785 1393 1909 1432 πλάσει

364 1454 427 1501 τήν
449 1453 536 1491 κατὰ
558 1453 620 1501 τήν
642 1456 723 1489 Ven.
749 1474 789 1481 -·
838 1454 930 1488 Idem
951 1454 973 1490 1.
993 1453 1043 1490 16.
1077 1455 1142 1500 τῆς
1163 1454 1231 1499 γῆς
1251 1451 1436 1494 ἀνάστασις
1456 1454 1543 1499 (nine
1562 1450 1625 1499 ή),
1661 1449 1723 1490 οὐκ
1744 1451 1794 1489 ἔτι
1813 1452 1906 1489 οἰκο-

365 1513 554 1558 δομουμένη
567 1538 576 1554 ,
600 1509 673 1548 ἀλλ’
695 1509 998 1557 ἀνοικοδομουμένη
1011 1538 1020 1555 ,
1043 1508 1069 1557 ή
1090 1507 1156 1547 ἀπὸ
1176 1507 1300 1556 ἅγρου,
1325 1507 1439 1547 οὐκέτι
1459 1509 1743 1556 οἰκοδομουμένη,
1767 1507 1826 1546 διὰ
1844 1506 1907 1555 τὴν

365 1568 602 1616 ἐπενεχθεῖσαν
624 1566 726 1615 αὐτῇ.
774 1570 850 1603 Hoc
871 1568 1099 1614 reponendum
1126 1573 1187 1602 est.
1210 1588 1256 1594 -
1300 1567 1324 1601 l.
1343 1567 1395 1603 19.
1419 1566 1540 1613 ἐγείρει)
1563 1564 1666 1604 αὖτὸν
1684 1568 1769 1601 Ven-
1815 1565 1907 1600 Idem

364 1627 386 1660 1.
399 1628 453 1662 20.
477 1626 537 1662 καὶ
555 1626 589 1663 ἐν
610 1625 750 1672 τοιαύτῃ
769 1625 934 1671 φρονήσει
950 1619 997 1672 ἧς
1016 1623 1078 1666 οὐκ
1100 1624 1200 1661 ἔστιν.
1218 1645 1261 1652 -
1308 1625 1330 1658 l.
1345 1625 1399 1660 23.
1428 1625 1564 1670 Con-ige
1585 1622 1719 1660 οἰωνῶν.
1741 1641 1783 1650 —
1822 1621 1907 1657 lbid.

364 1685 466 1729 paulo
485 1691 564 1729 post
588 1683 716 1728 θηρίων
738 1684 820 1717 Ven.
846 1702 889 1709 —
934 1683 958 1717 l.
975 1683 1031 1718 25.
1063 1681 1168 1719 πόσον
1190 1681 1236 1726 δή
1260 1682 1383 1727 μᾶλλον
1406 1683 1490 1716 Ven.
1537 1681 1628 1715 Idem
1648 1680 1672 1714 1.
1692 1679 1750 1716 26.
1773 1676 1907 1716 ἀποκα-

365 1738 549 1786 ταστήσει,
574 1747 609 1774 et
628 1741 652 1774 1.
670 1739 725 1775 27.
753 1740 868 1785 κρίνοι.
893 1759 936 1766 --
983 1740 1007 1774 1.
1021 1739 1076 1774 28.
1109 1736 1257 1784 οὐρανῶν
1281 1738 1454 1786 βασιλείας
1470 1739 1554 1772 ven.
1578 1757 1624 1764 —
1667 1737 1689 1772 1.
1703 1735 1758 1773 30.
1782 1736 1908 1783 supple

366 1808 407 1831 ex
426 1798 558 1831 Veneto
581 1794 720 1833 Γεδεών
731 1823 742 1841 ,
775 1797 835 1832 καὶ
856 1796 904 1843 μή
923 1795 1224 1843 κακουχείσθωσαν
1253 1795 1287 1832 ἐν
1309 1797 1484 1841 μηλωταῖς
1505 1795 1565 1830 καὶ
1584 1794 1619 1831 ἐν
1641 1793 1763 1840 αἰγίοις
1783 1793 1908 1840 (ισι-ἰδο

367 1853 520 1899 αἰγείοις)
553 1855 716 1900 δέρμασι,
753 1852 802 1900 μή
834 1852 944 1899 μάτην
973 1855 1044 1890 κτλ.
1072 1873 1114 1880 -
1160 1853 1229 1888 1.5.
1249 1853 1291 1887 ab
1315 1853 1378 1888 inf.
1410 1851 1540 1898 δαμάσ.
1569 1848 1604 1888 ἐν
1634 1846 1762 1898 ἁγνείᾳ.
1808 1849 1857 1886 Et
1876 1846 1909 1887 δ’

367 1907 433 1955 ἄρα
456 1915 609 1947 κοινωνεῖ
638 1912 740 1956 σῶμα
760 1910 856 1957 ψυχῇ
881 1909 915 1946 ἐν
932 1910 1080 1957 πολιτείᾳ
1102 1905 1128 1956 ἦ
1145 1909 1179 1946 ἐν
1200 1908 1318 1958 ἀγνείᾳ
1337 1911 1421 1944 Ven.
1444 1929 1490 1936 —
1534 1907 1602 1944 1.3.
1625 1907 1668 1942 ab
1688 1906 1752 1942 inf.
1771 1905 1811 1944 τὸ
1835 1898 1910 1953 ἅμα

367 1967 428 2014 τήν
458 1967 570 2015 ψυχήν
594 1969 677 2001 Ven.
703 1987 744 1993 —
791 1967 813 2001 1.
839 1967 898 2000 ult.
924 1963 1117 2012 εὑρίσκεται
1139 1968 1222 2001 Ven.

455 2026 564 2072 ¹⁵⁸3·
578 2025 680 2061 372.
725 2025 748 2059 l.
758 2024 792 2060 6.
816 2024 930 2058 Scribe
950 2022 1007 2060 διὰ
1025 2025 1223 2071 παραβολῆς
1242 2036 1316 2058 cum
1336 2026 1420 2058 Ven.
1443 2043 1485 2051 -
1531 2023 1555 2059 1.
1566 2022 1598 2059 7.
1621 2019 1822 2068 ἀλληγορίαν
1838 2025 1910 2064 τοῖς

366 2093 407 2128 γε
423 2082 725 2128 παραβουλευθεῖσι
743 2082 809 2126 τῆς
828 2077 993 2126 ἀληθείας
1011 2083 1095 2115 Ven.
1143 2082 1218 2115 Hoc
1234 2081 1465 2126 reponendum
1482 2086 1576 2126 puto.
1597 2098 1644 2106 -
1687 2079 1710 2113 l.
1728 2081 1779 2115 10.
1804 2075 1909 2124 ὄντος,

366 2146 445 2172 ante
475 2138 534 2174 καὶ
567 2135 691 2182 εὐθὺς,
727 2149 792 2172 om.
825 2139 909 2171 Veu.
937 2157 978 2164 —
1024 2137 1048 2171 l.
1065 2138 1114 2173 13.
1149 2137 1354 2184 ἐφθέγγετο,
1389 2137 1449 2174 καὶ
1479 2135 1518 2174 οὐ
1541 2137 1638 2186 ψυχή
1658 2137 1732 2175 ἐστι
1749 2135 1788 2174 τὸ
1811 2134 1908 2183 αἷμα,

368 2193 454 2231 ἀλλὰ
479 2198 561 2229 Ven.
607 2194 692 2229 Ibid.
713 2195 816 2229 verba
836 2193 875 2231 τό
900 2192 1118 2240 φαινόμενον,
1151 2191 1237 2230 ἀλλὰ
1260 2192 1299 2230 οὔ
1318 2193 1500 2239 δυνήσεται
1518 2195 1553 2229 iu
1573 2196 1655 2231 Ven.
1678 2206 1746 2230 non
1769 2203 1909 2240 compa-

367 2260 452 2287 rent.
475 2272 521 2279 —-
566 2252 590 2286 l.
608 2254 657 2286 15.
684 2251 789 2297 λέγων
809 2249 863 2287 ὅτι
884 2253 956 2286 Bas.
984 2272 1025 2278 —
1073 2252 1095 2286 1.
1114 2251 1163 2287 16.
1199 2250 1294 2294 ἐξότε
1316 2250 1486 2298 ἀπεκρίθη
1506 2249 1564 2289 ἀπ’
1584 2251 1667 2298 ἐμοῦ
1685 2253 1770 2287 ven.
1817 2251 1911 2285 Idem

367 2310 390 2344 1.
412 2309 463 2345 17.
487 2306 686 2354 ἀντιλέγων,
723 2316 757 2342 et
778 2309 800 2342 1.
820 2310 871 2344 18.
895 2309 955 2344 καὶ
977 2306 1022 2345 δι’
1044 2305 1129 2344 ἄλλα
1147 2307 1262 2345 πολλοὶ.
1287 2329 1332 2335 --
1376 2309 1399 2342 l.
1417 2308 1471 2344 24.
1496 2310 1577 2344 Post
1594 2309 1695 2344 verba
1714 2308 1775 2344 καὶ
1795 2304 1909 2355 ψυχὴν

368 2363 441 2412 ἅμα
461 2364 595 2411 σώματι
612 2366 646 2399 in
668 2365 744 2399 cod.
768 2367 899 2400 Veneto
918 2366 1044 2400 inserta
1061 2366 1216 2411 leguntur
1235 2367 1339 2400 haec:
1371 2365 1444 2402 Καὶ
1463 2365 1512 2407 εἰς
1531 2365 1769 2412 περισσοτέραν
1787 2366 1910 2411 πληρο-

368 2423 486 2469 φορίαν
510 2423 575 2468 τῆς
606 2419 773 2467 ὖμετέρας
795 2425 888 2468 ζωῆς
908 2419 1178 2469 παραγενόμενος
1198 2422 1232 2459 ἐν
1253 2422 1372 2467 σαρκὶ,
1407 2423 1467 2459 καὶ
1486 2421 1751 2469 ἐνανθρωπήσας
1781 2418 1909 2458 τελειὸ·

368 2491 473 2524 τατα,
508 2480 557 2520 εἰς
584 2478 622 2515 τὸ
658 2479 813 2525 στηρίξαι
841 2478 903 2526 τήν
935 2476 1038 2516 αὐτοῦ
1059 2480 1168 2516 πίστιν
1192 2479 1225 2516 ἐν
1246 2478 1350 2525 ήμῖν,
1382 2477 1620 2525 προγινώσκων
1639 2478 1703 2525 τὴν
1725 2473 1909 2526 μέλλουσαν

370 2536 404 2572 ἐν
424 2537 496 2581 σοὶ,
518 2534 715 2582 Ὤρίγενες,
750 2533 904 2573 ἀπιστίαν
923 2537 1076 2582 γίνεσθαι
1095 2535 1133 2572 τὸ
1155 2533 1446 2583 ἀμφιβαλλόμενον
1465 2538 1589 2581 μᾶλλον
1609 2534 1702 2580 παρὰ
1722 2535 1776 2572 σοὶ
1794 2534 1854 2572 καὶ
1875 2533 1909 2571 ἐν

368 2595 504 2634 πολλαῖς
524 2593 674 2638 αἱρέσεσι
694 2597 770 2634 ταῖς
787 2594 852 2638 τῆς
883 2592 1039 2635 ἀπιστίας
1063 2605 1121 2630 σου
1141 2590 1291 2639 ὁμοίαις,
1327 2592 1523 2640 Μανιχαίων
1553 2593 1612 2630 καὶ
1631 2592 1909 2639 nummo-rav,

370 2650 430 2686 καὶ
451 2648 561 2686 λοιπὸν
583 2649 626 2686 τὰ
647 2649 755 2686 πάντα
776 2650 811 2686 ἐν
836 2650 948 2697 ἑαυτῷ
978 2650 1161 2691 τελειώσας
1191 2650 1240 2691 εἰς
1261 2650 1442 2698 βεβαίωσιν
1463 2651 1522 2686 καὶ
1549 2650 1737 2695 στερέμνιον
1765 2648 1832 2694 τῆς
1850 2645 1911 2684 πί-

372 2719 479 2747 στεως
501 2703 604 2743 αὐτοῦ
637 2707 696 2742 καὶ
717 2704 883 2752 ἀληθείας
912 2707 1057 2753 ἐνεργῶς
1085 2707 1252 2752 ἐποίησεν.
1296 2703 1464 2748 Ἀναστὰς
1484 2705 1549 2753 γὰρ
1570 2706 1610 2744 ἐκ
1629 2706 1696 2743 τῶν
1716 2706 1844 2750 νεκρῶν
1862 2698 1910 2749 ’¹¹1'-

370 2775 462 2808 γειρε
486 2765 618 2811 σεαυτῷ
638 2761 743 2800 πολλὰ
764 2762 908 2810 σώματα
925 2765 991 2801 τῶν
1010 2762 1134 2810 οἷγίων,
1167 2764 1227 2800 καὶ
1249 2764 1402 2810 εἰςῆλθον
1430 2763 1480 2804 είς
1499 2762 1562 2808 τήν
1589 2759 1688 2808 ἀγίαν
1708 2760 1822 2806 πόλιν,
1861 2757 1911 2801 ῶς

372 2820 431 2854 καὶ
450 2820 483 2855 ἐν
501 2817 612 2861 ἄλλοις
628 2819 742 2862 τόποις
762 2821 1003 2867 διηγησάμην,
1026 2822 1085 2857 καὶ
1106 2818 1167 2857 οὖκ
1187 2819 1281 2857 εἶπαν
1303 2821 1427 2863 (scribe
1446 2817 1560 2865 εἶπα),
1582 2815 1789 2863 ’Δνέστησαν
1808 2813 1909 2864 ἅγιοι,

371 2876 426 2911 ἵνα
448 2875 496 2920 μή
522 2877 572 2912 δῶ
599 2877 766 2923 πρόφασιν
793 2879 838 2925 τῃ·
871 2877 1010 2925 μεθόδῳ
1039 2879 1106 2923 τῆς
1132 2877 1370 2923 κακοτροπίας,
1407 2874 1493 2912 ἀλλά
1519 2874 1621 2921 φύσει
1651 2873 1735 2911 αὐτό
1758 2873 1798 2912 τὸ
1818 2870 1910 2920 παρὰ

373 2935 443 2972 τοῖς
465 2930 617 2974 ἀπίστοις
646 2931 938 2982 ἀμφιβαλλόμενσν
967 2934 1044 2971 ἐκεῖ
1062 2930 1081 2971 ὃ
1105 2933 1314 2972 ἐσπούδασεν
1337 2933 1386 2974 εἰς
1409 2932 1588 2980 βεβαίωσιν
1617 2932 1684 2977 τῆς
1710 2929 1812 2977 ήμῶν
1833 2930 1912 2983 περὶ

377 2989 469 3032 ζωῆς
488 2989 669 3035 γνώσεως,
690 2989 859 3037 Σῶματα,
882 2990 991 3037 εἷπον,
1013 2992 1080 3028 τῶν
1101 2990 1218 3037 ἀγίων,
1240 2991 1299 3027 καὶ
1318 2988 1357 3027 οὗ
1376 2987 1474 3035 μόνον
1493 2984 1546 3024 ὅτι
1563 2984 1718 3033 ἤγειρεν,
1743 2985 1829 3025 ἀλλὰ
1851 2986 1911 3024 καὶ

374 3040 429 3080 ὅτι
450 3044 656 3090 ἐνεφάνησαν
680 3048 769 3091 (cod.
803 3048 1009 3094 ἐνεφάνισαν.
1037 3048 1158 3083 Matth.
1172 3049 1227 3087 27.
1252 3049 1326 3092 52.)
1356 3047 1488 3085 πολλοῖς
1517 3043 1551 3080 ἐν
1572 3044 1617 3091 τῇ
1638 3044 1754 3081 πόλει·
1787 3042 1842 3090 ἐφ’
1860 3034 1911 3091 οἷς

375 3100 557 3146 ἐπληροῦτο
586 3101 643 3138 διὰ
675 3103 741 3147 τῆς
767 3101 870 3140 αὐτοῦ
901 3103 1078 3150 δυνάμεως
1104 3102 1167 3150 τὸ,
1201 3100 1401 3148 Ἔξαγαγών
1422 3101 1674 3147 πεπεδημένους
1694 3100 1729 3139 ἐν
1751 3097 1928 3148 ἀνδράφ-

2000 2754 2015 2807 [ιιι
