2020 3276
346 238 530 275 Pfflsnn
552 237 713 271 L18.111.
744 236 855 271 Tou.
873 237 916 270 11.
952 236 1107 270 Expos.
1132 236 1217 269 FtD.
1244 235 1434 269 cA‘moL.
1583 225 1661 268 531

117 318 323 377 nque-tis
357 318 577 361 dominicae
609 315 849 372 gallicinium
879 316 966 359 siue
997 316 1085 358 cibo
1111 315 1395 358 transmittunt.
1454 311 1669 368 Pei-vigilia

119 402 218 432 uero
242 401 317 432 sex
344 387 506 439 obeunt,
537 399 584 428 sc
610 385 769 427 totidem
796 398 989 441 synaxes,
1023 398 1120 440 quae
1144 391 1224 426 tota
1247 383 1559 439 Quadragesima
1580 389 1670 437 post

120 456 257 501 boram
292 470 435 499 nonam
467 457 516 498 ad
547 467 754 510 vesperam
793 466 918 508 usque
955 453 1219 495 celebrantur.
1281 452 1337 494 At
1367 451 1595 507 quibusdam
1628 450 1668 492 in

120 524 219 569 loeis
238 525 279 567 iu
302 539 350 568 ea
373 525 499 566 solum
525 529 663 574 noete,
696 535 796 577 quae
817 521 990 577 quintam
1016 522 1152 562 feriam
1174 521 1375 576 sequitur,
1410 527 1448 562 et
1469 520 1507 560 in
1532 518 1670 561 feriam

117 601 276 638 mian
298 593 463 644 desinit,
495 599 613 648 atque
635 591 674 632 in
697 604 744 632 ea
769 603 870 645 quae
892 589 1123 631 dominicam
1151 589 1370 640 antecedit,
1417 588 1668 645 pervigilant.

117 661 226 706 Aliis
253 662 293 705 in
323 662 422 704 loeis
443 661 578 717 quinta
603 659 699 702 l'eria
726 659 848 700 divini
874 657 1052 714 mysterii
1078 658 1205 700 cultus
1232 657 1327 699 liora
1355 658 1470 698 tertia
1496 656 1673 698 celebra·

119 737 211 783 tur,
236 737 361 786 -etque
385 730 438 772 ita
459 729 596 772 missio
616 727 744 784 populi
769 727 811 768 fit
833 733 873 768 ut
896 727 936 767 in
958 727 1156 768 aridorum
1178 740 1250 768 usu
1278 725 1502 782 persistant.
1563 724 1673 767 Alibi

119 812 218 843 vero
246 798 368 842 divini
403 796 581 854 mysterii
607 796 734 839 cultus
759 809 838 838 nou
863 794 972 851 prius
995 795 1181 837 indicitur
1204 809 1317 850 quam
1345 794 1564 836 dominicus
1587 792 1672 834 dies

118 867 296 918 illuxerit
327 881 414 909 cum
447 866 520 909 sub
549 865 740 921 gallorum
773 871 928 906 cantum
964 863 1171 904 dimittitur
1200 863 1386 920 populus,
1428 863 1468 904 in
1500 861 1587 918 ipso
1608 874 1672 903 re-

119 936 379 981 surrectionis
413 936 513 976 festo
547 947 594 976 ac
627 932 780 975 solenni
809 931 1147 987 celeberrimoque
1174 930 1377 974 Paschatis
1403 931 1489 982 die,
1536 943 1671 986 quem-

118 1004 323 1049 admodum
357 1002 637 1060 praescriptum
675 1009 751 1043 est.
827 998 942 1055 Quod
975 1001 1023 1042 ad
1057 1001 1131 1042 alia
1163 1001 1353 1056 mysteria
1389 999 1583 1056 pertinet,
1630 1005 1674 1040 ut

119 1072 301 1130 bsptismi
323 1079 364 1114 et
383 1085 484 1128 quae
507 1069 696 1112 interiora
719 1076 833 1121 suut,
866 1083 913 1111 ea
935 1069 1073 1111 ritibus
1095 1068 1174 1112 illis
1196 1083 1244 1111 ae
1265 1067 1504 1110 ceremoniis
1525 1067 1674 1110 obeun-

120 1148 207 1194 tur,
248 1154 351 1198 quae
379 1154 433 1183 ex
474 1138 683 1195 evangelio
721 1145 763 1180 et
801 1138 1067 1194 apostolorum
1103 1137 1338 1180 auctoritate
1377 1150 1424 1178 ac
1463 1134 1673 1178 traditione

97 1210 323 1267 ‘protectae
351 1215 460 1251 sunt.

235 1275 318 1320 lam
350 1291 448 1319 vero
479 1275 581 1332 quod
603 1275 651 1318 ad
677 1282 852 1318 mortuos
873 1282 1052 1332 spectat,
1096 1274 1323 1317 nominatim
1345 1273 1502 1315 illorum
1527 1271 1674 1314 mentio
1741 1274 1821 1319 Cap·

119 1347 178 1400 fit,
210 1360 260 1390 sc
276 1359 415 1403 preces
435 1352 476 1387 et
495 1344 689 1387 sacrificia
708 1344 975 1401 mysteriaque
996 1345 1310 1400 frequentantur.
1371 1340 1594 1384 Matutinae
1614 1340 1675 1382 in·
1716 1321 1834 1354 XXH'

118 1427 240 1472 super
259 1414 395 1458 leudes
414 1413 454 1456 iu
476 1413 642 1455 ecclesia
666 1412 872 1464 catholica,
906 1412 1198 1468 matutinaeque
1222 1425 1363 1468 preces
1387 1410 1545 1452 assidue
1572 1410 1676 1451 cele-

118 1484 307 1536 brentur,
349 1482 571 1525 lucernales
600 1481 693 1522 item
720 1481 858 1537 psalmi
882 1488 922 1522 et
955 1481 1174 1523 orationes.
1235 1478 1364 1522 Porro
1394 1478 1674 1521 monachorum

119 1551 185 1596 elii
205 1551 246 1594 in
269 1551 430 1595 urbibus
453 1551 622 1607 degunt,
668 1549 735 1591 alii
758 1549 797 1591 in
829 1549 1079 1591 monasteriis
1103 1549 1300 1601 habitant,
1344 1555 1384 1590 et
1405 1547 1455 1590 ab
1477 1547 1675 1589 bominum

121 1619 341 1677 frequentia
373 1619 529 1675 longius
564 1618 798 1661 abscedunt.
859 1617 1073 1660 Nonnullis
1113 1632 1209 1659 vero
1236 1617 1429 1673 prolixior
1451 1629 1561 1658 coma
1594 1614 1676 1673 pla-

122 1688 227 1742 cuit,
267 1687 478 1732 sanctioris
504 1687 689 1729 videlicet
707 1686 876 1728 instituti
899 1701 1038 1728 caussa
1053 1717 1064 1738 ,
1108 1686 1147 1727 id
1168 1686 1270 1742 quod
1293 1692 1431 1742 suapte
1454 1684 1674 1736 voluntate,

121 1756 209 1801 sive
248 1756 443 1812 evangelii
483 1763 720 1812 praecepto,
767 1763 834 1797 aut
874 1755 1140 1812 apostolorum
1181 1755 1465 1812 approbatione
1511 1753 1674 1795 faciunt.

122 1824 229 1870 Nam
247 1825 447 1883 apostolus
461 1823 607 1867 Paulus
631 1826 792 1866 formam
813 1824 1003 1867 eiusmodi
1025 1831 1141 1879 atque
1163 1823 1307 1865 cultum
1328 1822 1540 1864 abdicavit.
1574 1819 1679 1864 Sunt

123 1902 167 1938 et
184 1893 262 1938 alia
282 1894 323 1936 in
343 1894 481 1937 eadem
513 1893 706 1935 catholica
727 1893 897 1935 ecclesia
921 1892 1098 1935 instituta
1125 1891 1284 1934 vivendi
1309 1891 1572 1948 praestantia,
1618 1889 1678 1932 ni-

125 1963 264 2006 mirum
294 1963 396 2019 quod
429 1961 493 2004 alii
526 1961 710 2004 carnibus
743 1976 905 2018 prorsus
937 1960 1182 2012 abstineant,
1228 1967 1304 2002 tam
1326 1959 1618 2016 quadrupedum
1640 1965 1680 2000 et

126 2032 258 2074 svium
282 2045 394 2087 quam
416 2030 577 2087 piscium
593 2062 604 2082 ,
649 2044 722 2072 nec
748 2045 826 2072 non
851 2030 938 2072 ovis
963 2044 1009 2071 ac
1036 2043 1171 2071 caseo.
1232 2027 1334 2070 Tum
1360 2029 1435 2071 alia
1459 2035 1551 2070 sunt
1576 2028 1679 2069 vitae

126 2113 291 2156 genere,
322 2105 530 2156 propterea
551 2099 652 2154 quod
677 2102 932 2153 unusquisque
954 2101 1156 2139 secundum
1174 2101 1371 2151 proprium
1394 2099 1557 2138 laborem
1581 2111 1678 2137 mer-
1690 2105 1867 2141 aconas.

126 2170 251 2210 cedem
273 2170 447 2221 «capae.
510 2165 636 2222 lgitur
661 2174 754 2209 sunt
775 2167 839 2223 qui
867 2167 943 2209 illis
973 2167 1154 2209 omuibus
1176 2166 1399 2209 abstineant
1423 2166 1487 2208 alii
1513 2166 1681 2221 quadru-

129 2236 292 2294 pedibus
320 2234 533 2287 duntaxat,
577 2234 646 2277 sed
677 2234 819 2277 avibus
849 2250 895 2278 ac
919 2236 1064 2278 ceteris
1089 2242 1320 2277 vescuntur.
1380 2234 1461 2277 Alii
1486 2234 1602 2276 etiam
1633 2233 1681 2275 ab

129 2305 269 2350 avibus
286 2309 522 2360 temperant,
554 2316 629 2346 ova
650 2310 690 2345 et
709 2304 837 2360 pisces
857 2304 1055 2347 adhibent.
1111 2304 1191 2346 Alii
1216 2304 1330 2345 etiam
1355 2318 1429 2346 ova
1449 2302 1679 2359 repudiant,

128 2381 223 2418 suut.
254 2373 319 2430 qni
348 2371 457 2414 solos
492 2371 620 2427 pisces
651 2371 862 2415 retineant.
925 2370 1079 2428 Quibus
1111 2372 1284 2414 nonnulli
1317 2372 1434 2413 etiam
1458 2371 1680 2421 abstineut3

129 2442 195 2500 qui
237 2448 367 2484 tamen
409 2453 566 2482 caseum
603 2438 677 2481 sibi
716 2440 967 2496 permittunt3
1008 2440 1074 2483 alii
1105 2454 1202 2482 vero
1233 2454 1351 2482 caseo
1382 2454 1459 2482 non
1502 2445 1679 2480 utuntur.

129 2509 346 2555 Praeterea
382 2508 537 2564 quidam
562 2521 585 2549 a
618 2521 718 2564 pane
742 2508 964 2562 abstineut,
1004 2508 1158 2565 quidam
1192 2508 1240 2550 ab
1274 2509 1457 2551 arborum
1496 2506 1684 2549 fructibus

132 2587 174 2622 et
195 2578 319 2622 coctis
345 2576 548 2628 omnibus,
591 2575 765 2632 plerique
795 2576 899 2619 humi
932 2577 1120 2619 cubitant.
1183 2577 1262 2619 Alii
1295 2577 1408 2619 nudis
1440 2576 1602 2633 pedibus
1637 2589 1683 2618 ac

130 2649 220 2693 siue
241 2645 519 2689 calceamentis
551 2644 751 2686 incedunt.
813 2645 892 2687 Alii
926 2644 1120 2687 occultum
1153 2645 1321 2687 cilicium
1359 2646 1513 2696 ferunt,
1556 2643 1684 2700 quiid

132 2715 402 2767 laudabiliter,
435 2713 591 2756 virtutis
613 2713 789 2765 scilicet,
827 2720 894 2755 eut
920 2713 1184 2769 poenitentiae
1206 2727 1346 2756 caussa
1371 2714 1517 2755 ferunt.
1577 2710 1682 2755 Nam

134 2784 301 2828 cilicium
323 2783 447 2840 palam
472 2796 518 2824 ac
540 2794 633 2838 prae
663 2794 707 2823 se
732 2782 837 2823 serre
869 2781 996 2823 minus
1019 2782 1205 2824 decorum
1229 2781 1407 2833 videtur,
1449 2781 1550 2837 quod
1573 2780 1685 2824 insti-

136 2855 248 2896 tuere
272 2850 463 2894 nonnulli.
524 2849 665 2905 Neque
692 2849 775 2905 plus
799 2849 953 2891 decoris
982 2849 1120 2901 habet,
1154 2856 1196 2891 ut
1221 2849 1416 2901 diximus,
1459 2850 1560 2905 quod
1586 2864 1685 2891 non·

135 2921 252 2964 nullis
281 2920 409 2963 visum
440 2927 524 2972 est,
565 2933 650 2961 cum
685 2918 852 2960 vinculis
883 2918 984 2960 collo
1017 2918 1150 2960 inditis
1174 2917 1374 2960 incedere.
1438 2915 1519 2960 Sed
1551 2931 1686 2974 quam-

136 2987 291 3047 plurimi
311 2988 470 3031 bslueas
494 3001 687 3043 nunquam
710 2986 859 3029 vident.
918 2983 1109 3028 Nonnulli
1131 2985 1291 3027 saeculo
1316 2986 1368 3028 ita
1393 2986 1683 3037 renuntiarunt,

138 3064 181 3100 ut
201 3057 373 3100 leviores
407 3056 592 3113 quasdam
624 3062 729 3098 artes
764 3068 810 3096 ac
846 3054 971 3096 miuus
1004 3054 1231 3110 negotiosas
1252 3054 1326 3096 sibi
1363 3054 1458 3111 ipsis
1483 3056 1687 3111 excogita-

1308 3124 1412 3167 34*
