2020 3276
497 172 680 208 mnam!
703 172 786 206 Lm.
804 172 863 205 III.
887 172 997 206 ToM.
1020 171 1047 205 1.
1071 170 1206 205 RAER.
1230 169 1394 203 LXXIII.
1634 160 1710 200 141

255 252 473 299 Ceterum
498 267 587 296 eum
607 252 706 295 baec
728 252 808 294 sint
827 265 850 294 a
871 265 934 293 me
957 258 1120 293 tractata
1152 250 1333 307 saepius,
1379 261 1479 305 quae
1502 246 1586 290 ad
1574 246 1715 303 impiae
1784 245 1863 288 ⁰⁸9·

158 297 285 368 ‘baias
305 322 483 366 haeresis
510 321 683 364 radicem
715 335 762 363 ac
788 320 950 376 stirpem
973 319 1225 361 evertendam
1253 325 1369 360 antea
1396 316 1589 368 diximus,
1618 314 1716 357 satis

167 404 260 437 asae
284 391 360 435 boc
383 391 470 434 loco
491 397 694 447 putamus3
735 403 823 431 eum
855 388 1015 430 eaedem
1051 387 1140 429 illae
1166 387 1340 429 rationes
1370 386 1417 428 ad
1446 382 1718 428 semiarianos

168 460 270 505 ‘utos
289 460 549 504 confutandos
571 456 856 500 accommodari
881 456 1055 513 possint,
1089 469 1163 496 nec
1183 470 1260 496 non
1287 462 1327 497 et
1346 455 1393 495 ad
1420 454 1508 496 illos
1534 453 1718 496 refellen-

168 529 242 573 δν
273 528 340 586 qni
368 542 415 572 se
446 527 495 570 ab
526 528 690 570 istorum
727 525 929 568 consortio
961 532 1245 580 segregarunt,
1280 523 1502 564 Acacianos
1522 520 1715 577 intelligo,

168 610 219 643 ao
237 603 396 640 ceteros
417 595 481 653 qni
505 593 713 638 Seleuciae
740 595 780 636 in
806 592 958 636 Isauria
984 593 1145 634 alteram
1172 591 1365 647 quandam
1397 591 1485 632 fidei
1514 590 1718 632 formulam

168 671 214 710 et
237 665 514 708 abhorrentem
547 677 571 706 a
600 663 770 705 veritate
805 661 1078 704 condiderunt.
1141 658 1269 715 Quam
1301 674 1374 701 nos
1400 660 1439 701 in
1464 666 1640 716 apertum
1662 658 1721 700 lu-

169 747 333 791 ceatque
353 733 532 791 proferre
554 731 758 782 volentes,
802 737 842 772 ut
865 738 951 772 erat
974 729 1022 770 ab
1044 729 1122 770 illis
1147 742 1201 770 ex
1226 727 1396 769 omnium
1423 742 1592 784 persona
1626 742 1721 770 con-

169 803 341 859 scripta,
380 809 468 858 post
500 799 636 843 Basilii
669 798 875 856 Ancyrani
903 805 944 840 et
965 795 1130 853 Georgii
1165 795 1382 838 Laodiceni
1405 795 1717 848 confessionem,

170 871 366 928 ‘mtegram
394 883 513 927 snpra
549 868 838 926 proposuimus.
907 864 1037 908 Porro
1060 879 1110 907 ne
1132 865 1246 907 istam
1270 865 1580 920 professionem,
1622 879 1721 921 quae

170 940 389 984 duent-n
421 939 576 996 quidem
609 951 696 979 cum
729 935 879 992 ingenti
909 936 1051 977 damno
1085 948 1132 976 ac
1159 933 1334 990 pernicie
1366 941 1595 989 grassatur,
1634 934 1721 986 sed,

171 1015 219 1052 at
237 1007 404 1065 tempori
427 1006 598 1058 serviat,
642 1019 712 1062 per
733 1004 1021 1047 simulationem
1045 1017 1092 1045 ac
1115 1003 1287 1044 fraudem
1301 1034 1313 1054 ‚
1354 1002 1501 1044 iniecto
1527 1002 1567 1044 in
1590 1016 1635 1044 os
1657 1016 1722 1044 ca-

173 1076 324 1134 pistro,
354 1089 402 1118 ae
422 1075 532 1117 velut
553 1074 718 1130 quodam
751 1074 864 1115 freno
886 1077 1118 1124 coercetur,
1163 1085 1212 1113 ne
1241 1071 1357 1123 hanc,
1388 1071 1563 1127 inquam,
1597 1070 1722 1126 negli-

173 1157 274 1203 gens
308 1143 507 1186 oblivione
537 1142 776 1198 praeterisse
812 1143 971 1192 videar,
1015 1154 1140 1197 pauca
1175 1140 1365 1196 quaedam
1391 1141 1584 1182 adversus
1615 1139 1722 1182 illam

174 1219 420 1256 etauctores
438 1212 551 1263 eius,
584 1210 775 1252 Acacium
798 1209 1005 1262 videlicet,
1037 1208 1258 1260 Ennium,
1291 1207 1554 1266 Eutychium,
1587 1221 1634 1250 ac
1658 1221 1724 1250 ce·

175 1288 285 1325 tuos
306 1281 443 1330 borum
464 1279 639 1322 asseclas
658 1278 858 1335 disputare
878 1278 989 1320 libet.
1031 1275 1278 1333 Quamquam
1304 1277 1405 1319 haud
1431 1277 1641 1319 obscurum
1662 1282 1723 1318 est

174 1355 361 1407 quantum
383 1348 459 1390 ista
483 1347 571 1390 fidei
604 1348 768 1389 formula
792 1346 973 1389 veritatis
1003 1346 1056 1389 sit
1077 1346 1278 1388 immutata
1301 1345 1512 1402 professio.
1573 1343 1722 1387 Verum

174 1430 227 1462 na
254 1430 327 1474 per
356 1416 591 1459 calumniam
622 1415 718 1457 baec
748 1430 770 1457 a
803 1414 916 1457 nobis
948 1415 1140 1457 adversus
1172 1414 1260 1456 illos
1282 1427 1372 1456 esse
1398 1414 1501 1456 dicta
1532 1413 1724 1471 quispiam

173 1485 411 1537 contendat,
455 1498 646 1540 quaenam
684 1483 764 1526 sint
804 1497 1017 1540 progressu
1049 1483 1238 1540 temporis
1269 1483 1308 1524 in
1347 1482 1420 1524 hoc
1453 1484 1539 1539 ipso
1570 1482 1724 1524 illorum

177 1554 345 1598 concilio
365 1553 609 1611 deprebensa
629 1567 676 1594 ac
695 1554 887 1609 patefacta
912 1551 1233 1594 monstrabimus.
1296 1550 1362 1593 Ex
1383 1551 1457 1592 hoc
1477 1551 1581 1593 enim
1603 1563 1726 1607 grege

177 1619 455 1667 Caesariensis
490 1620 665 1663 Euzoius
700 1620 844 1678 prodiit
876 1621 1029 1662 illorum
1052 1620 1288 1676 discipulus,
1330 1619 1394 1675 qui
1419 1627 1507 1676 post
1538 1619 1725 1661 Acacium

178 1691 215 1735 ei
234 1691 320 1735 sedi
340 1690 531 1748 praefuit,
564 1704 651 1732 cum
674 1697 765 1731 ante
788 1687 1042 1731 Philumenus
1072 1702 1094 1728 a
1121 1686 1275 1745 Cyrillo
1303 1687 1665 1745 Hierosolymitano
1687 1688 1727 1729 in

175 1759 242 1803 illa
274 1761 509 1803 constitutus
536 1760 697 1810 fuisset,
739 1772 785 1800 ac
816 1757 957 1799 deinde
980 1754 1156 1814 Cyrillus
1192 1757 1328 1799 senior
1351 1757 1492 1798 ibidem
1528 1756 1576 1799 ab
1603 1755 1727 1813 Euty-

176 1828 266 1872 chio
297 1829 535 1871 collocatus=
582 1842 629 1870 ac
664 1827 818 1869 demum
850 1826 1037 1868 Gelasius
1072 1826 1120 1868 ab
1153 1823 1306 1882 Cyrillo
1343 1824 1724 1882 Hierosolymitauo,

176 1897 288 1941 cuins
307 1898 459 1940 sororis
481 1903 569 1940 erat
590 1896 717 1948 lilius,
760 1909 897 1937 rursus
921 1901 1029 1937 esset
1051 1894 1271 1951 impositus.
1335 1892 1435 1937 Cum
1459 1894 1561 1936 enim
1586 1893 1623 1935 hi
1646 1901 1727 1935 tres

177 1966 258 2009 illic
285 1965 454 2008 ordinati
485 1966 637 2017 forent,
682 1971 723 2006 et
755 1964 804 2006 ob
837 1972 991 2006 mutuas
1025 1962 1244 2005 simultates
1272 1962 1460 2018 dignitate
1495 1963 1726 2014 cessissent,

178 2034 423 2093 postmodum
451 2032 628 2076 Euzoius
661 2033 795 2076 sedem
825 2033 927 2074 illam
955 2031 1138 2074 obtinuit.
1201 2029 1268 2073 Ex
1297 2030 1446 2073 eisdem
1475 2038 1514 2073 et
1545 2031 1623 2073 illis
1647 2030 1729 2074 Ge-

177 2102 362 2150 -llinus
384 2102 530 2145 extitit.
591 2099 767 2144 Indidem
799 2108 840 2143 et
862 2099 1062 2158 Philippus
1081 2099 1456 2157 Scythopolitanus,
1489 2114 1563 2142 nec
1586 2114 1664 2142 non
1689 2107 1729 2142 et

178 2171 423 2218 Athanasius
453 2169 816 2227 scythopolitanus.
877 2167 955 2225 Qui
988 2170 1143 2226 quidem
1178 2183 1256 2211 non
1284 2169 1462 2222 occulte,
1503 2169 1573 2211 sed
1603 2168 1727 2225 palam

176 2248 223 2285 et
240 2241 446 2292 audacter,
478 2239 586 2282 velut
604 2238 790 2280 bonitatis
814 2238 941 2280 omnis
963 2245 1174 2296 expertes,
1207 2251 1285 2279 non
1307 2237 1396 2279 Arii
1422 2237 1547 2279 solum
1569 2237 1728 2279 decreta

180 2309 349 2362 docent,
381 2309 450 2352 sed
474 2314 515 2350 et
536 2321 647 2349 suam
670 2307 843 2364 ipsorum
866 2313 1112 2363 propugnant
1133 2305 1341 2358 haeresin,
1373 2320 1419 2348 ac
1438 2305 1617 2347 veritatis
1639 2319 1729 2361 pro·

183 2378 359 2422 Iessores
381 2377 655 2432 insequuntur.
706 2372 819 2430 Quos
842 2389 921 2417 non
941 2375 1075 2417 verbis
1094 2375 1210 2417 modo
1230 2375 1407 2417 nituntur
1425 2380 1625 2424 evertere,
1658 2373 1727 2415 sed

181 2452 225 2490 et
249 2445 454 2490 hostilibus
483 2443 697 2487 inimicitiis
732 2456 779 2485 ac
797 2443 909 2486 bellis
939 2443 1163 2495 lacessunt,
1206 2443 1305 2485 etin
1329 2449 1463 2484 rectae
1486 2441 1576 2483 fidei
1601 2448 1729 2483 secta·

183 2521 292 2558 tores
312 2514 453 2572 gladiis
478 2513 595 2555 etiam
621 2511 952 2555 animadvertunt.
1013 2511 1103 2554 Nec
1126 2512 1229 2554 enim
1256 2511 1296 2553 in
1320 2525 1396 2553 una
1422 2511 1614 2552 duntaxat
1633 2508 1729 2551 civi-

182 2588 265 2627 tate
293 2583 359 2626 vel
390 2580 617 2639 provincia,
649 2581 718 2623 sed
750 2580 789 2621 in
821 2579 1017 2636 plerisque
1047 2580 1198 2622 nefarie
1229 2578 1406 2621 bacchati
1436 2584 1542 2621 sunt.

297 2649 527 2695 Cuiusmodi
550 2647 700 2692 Lucius
727 2648 791 2691 ille
817 2648 888 2689 fuit
909 2648 974 2704 qni
994 2648 1265 2690 Alexandriae
1288 2649 1480 2690 adversus
1504 2660 1575 2689 eos
1594 2646 1659 2703 qui
1680 2646 1727 2689 de

184 2718 247 2762 dei
277 2719 356 2762 lilio
381 2733 478 2762 vera
509 2733 556 2761 ac
587 2718 742 2760 sincera
773 2715 1053 2773 profitebantur
1072 2723 1149 2758 tam
1174 2716 1367 2758 horrenda
1398 2722 1438 2758 et
1468 2714 1618 2758 atrocia
1646 2730 1729 2758 mo-

185 2787 277 2830 litus
301 2795 376 2831 est.
439 2787 561 2843 igitur
581 2787 667 2843 quis
701 2786 862 2828 istorem
887 2784 1106 2827 sodalitium
1133 2798 1178 2826 ac
1205 2784 1439 2833 factionem,
1482 2783 1546 2840 qui
1573 2783 1727 2840 quidem

186 2855 317 2899 divina
337 2856 529 2913 sapientia
550 2856 603 2899 sit
621 2855 834 2913 praeditus,
868 2867 945 2895 non
968 2852 1008 2894 in
1029 2852 1114 2894 dies
1131 2853 1336 2909 agnoscit?
1393 2851 1728 2909 Quemadmodum

186 2968 411 3010 ΜΔονκιος
431 2967 480 3010 oie
502 2963 619 3010 οὗτος,
642 2964 785 3005 cetAou'
786 2979 856 3007 κςιο
876 2962 917 3002 οὗ
977 2978 1049 3006 κως
1070 2960 1186 3006 οὗτος,
1217 2966 1659 3009 ονιίιιιημτιαυειινΕιι
1649 2965 1729 3011 ipsis

187 2995 937 3055 τως-ΘονκαήωνωιιισυοὶιιὲεκὯνύΛο·
979 3019 1070 3046 este
1052 3012 1489 3058 εῑιαάωὴὶςιιιιὶαα.

1740 291 1920 325 XXXVII.

1797 2648 1876 2693 Cap.

1731 2691 1934 2729 xxxvm.
