2020 3276
493 113 510 133 V

708 207 1144 244 mscnrmmnosrs.
1621 205 1701 248 581

154 284 225 328 niti
249 285 415 342 quadam
439 286 585 330 ferocia
617 287 702 330 ausi
730 296 835 331 snut.
897 289 1003 342 Alii,
1049 291 1114 347 qui
1138 291 1369 334 audaciores
1395 292 1602 345 videntur,
1649 306 1704 335 ex

152 353 435 398 amfleot-mn
469 355 642 412 partibus
666 356 816 412 privata
836 357 910 400 sibi
944 359 1115 401 factione
1141 360 1308 402 conflata
1329 367 1486 417 praeter
1510 361 1704 404 ecclesiae

152 423 492 476 meminent,
524 439 572 468 ac
592 425 690 467 citra
712 426 911 481 generalis
934 428 1088 469 concilii
1110 429 1309 470 decretum
1334 443 1402 471 eos
1425 429 1488 485 qui
1513 429 1562 471 ab
1582 429 1702 471 Aria-

152 493 218 537 ni·
237 492 287 536 od
314 506 409 537 enas
439 501 571 550 partes
604 501 809 537 transeunt
834 496 974 536 iterum
1006 495 1205 552 baptizare
1238 497 1332 539 nihil
1362 505 1572 550 verentur,
1615 512 1702 541 cum

148 561 324 607 nond‘u
346 576 393 605 ea
418 577 499 615 res,
532 569 575 605 ut
597 562 706 616 dixi,
737 563 974 606 universalis
999 564 1139 621 synodi
1164 565 1308 607 iudicio
1332 567 1462 608 decisa
1491 567 1567 619 sit3
1600 568 1702 622 quod

150 630 278 674 adhuc
299 631 428 688 populi
451 631 672 688 promiscue
693 633 739 673 ad
762 631 991 674 hodiernum
1015 647 1137 689 usque
1159 641 1311 691 tempus
1337 634 1567 688 habeantur,
1599 637 1705 678 inter

150 703 251 756 quon
281 700 391 742 multi
416 700 570 756 quidem
596 707 690 743 sunt
710 701 889 743 catholici
899 718 912 754 3
953 702 1023 744 sed
1048 703 1135 744 fiete
1161 716 1207 744 ac
1230 717 1301 759 per
1326 703 1612 745 simulationem
1638 719 1703 747 sa-

150 769 353 812 cerdotum
388 770 661 812 anctoritatem
696 777 935 826 sequuntur,
981 771 1107 813 donec
1139 772 1364 814 execranda
1402 772 1465 813 illa
1510 779 1618 815 secta
1652 774 1700 815 al)

148 838 344 882 eeclesiae
364 839 566 881 consortio
582 845 832 895 segregetur,
865 846 908 881 ut
929 846 1021 881 tunc
1039 839 1183 896 aliquid
1210 841 1256 882 de
1278 840 1343 882 illa
1363 847 1571 882 statuatur.
1635 840 1701 884 Ex

148 906 199 951 iit
221 907 286 964 qui
306 915 445 964 suapte
479 908 713 950 auctoritate
734 907 876 950 iterum
900 908 974 950 boc
998 909 1114 950 modo
1137 909 1339 966 baptizant
1365 909 1481 951 audio
1507 910 1700 965 quendam

148 974 337 1034 inLyeia
363 976 634 1034 presbyterum
670 990 776 1018 esse.
839 975 919 1020 Sed
953 985 993 1020 et
1028 978 1116 1020 aliis
1149 977 1188 1019 in
1221 977 1319 1020 locis
1352 978 1604 1034 reperiuntur
1633 979 1700 1021 alii

147 1045 214 1103 qui
238 1045 463 1101 singillatim
487 1060 534 1088 ac
556 1046 726 1103 separati
753 1059 891 1102 preces
913 1045 1083 1098 obeunt,
1127 1053 1168 1088 et
1193 1046 1431 1102 reliquorum
1457 1048 1699 1089 communio·

146 1128 237 1159 ue·
271 1129 427 1158 omnem
470 1123 675 1172 respuunt.
758 1115 839 1157 Alii
872 1115 1029 1156 collaria
1062 1114 1136 1156 sibi
1172 1122 1329 1171 praeter
1363 1115 1556 1156 ecclesiae
1589 1116 1698 1170 leges

146 1183 366 1227 innectunt.
428 1181 557 1239 Quam
586 1184 636 1227 ob
669 1198 846 1226 caussam
880 1183 1182 1240 disputationem
1212 1197 1366 1225 omnem
1400 1183 1470 1225 hac
1500 1184 1697 1226 sententia

146 1253 346 1305 conclusi,
392 1255 708 1295 Adulescentulus
728 1268 810 1294 esse
828 1255 935 1294 nullo
959 1267 1114 1294 numero
1136 1255 1445 1306 comprehensas,-
1489 1266 1588 1308 quae
1619 1253 1697 1309 pri-

145 1329 239 1366 vato
262 1321 430 1365 consilio
453 1322 639 1364 audacter
669 1322 963 1378 insolenterque
989 1335 1034 1363 se
1055 1329 1221 1377 gerunt,
1267 1336 1344 1363 nou
1375 1328 1415 1363 ut
1439 1321 1531 1363 honi
1554 1321 1697 1377 aliquid

145 1398 461 1448 cousequantur,
494 1398 563 1433 aut
585 1390 802 1448 sapientiae
824 1390 862 1432 in
885 1403 976 1432 sese
1001 1404 1127 1446 genus
1156 1389 1311 1445 aliquod
1336 1390 1560 1446 expoliant,
1604 1397 1696 1445 puta

147 1460 399 1518 prudentiae,
442 1459 705 1512 fortitudinis,
748 1459 1056 1516 temperantiae,
1088 1458 1278 1501 iustitiae.
1340 1456 1432 1514 Quo
1455 1472 1506 1500 ex
1531 1472 1696 1500 numero

144 1529 352 1587 tyrannico
387 1543 496 1571 more
532 1529 722 1585 quaedam
762 1528 1001 1580 efferuntur,
1048 1535 1164 1584 atque
1196 1541 1218 1568 a
1256 1527 1424 1568 veritate
1467 1527 1693 1579 deflectunt,

142 1597 251 1642 nullo
281 1605 324 1640 ut
353 1611 518 1640 numero
548 1597 741 1639 contineri
773 1597 939 1652 possint.

257 1667 313 1710 At
335 1669 547 1720 angulare
568 1669 637 1707 illa
656 1667 827 1707 columba
850 1673 1062 1721 sanctaque
1085 1664 1198 1720 virgo
1224 1665 1337 1706 deum
1361 1664 1592 1714 confltetur,
1624 1677 1694 1720 pa-

141 1742 242 1779 nce·
270 1742 313 1778 et
342 1735 459 1779 filium
489 1742 528 1778 et
557 1735 735 1791 spiritum
762 1741 964 1787 sanctum,
1006 1740 1156 1790 patrem
1180 1734 1419 1790 perlectum,
1465 1733 1581 1775 fllium
1605 1746 1695 1788 per-

144 1805 311 1856 mum,
352 1806 566 1862 perlectum
604 1803 781 1860 spiritum
813 1810 1016 1854 sanctum,
1060 1801 1431 1844 consubstantialem
1458 1801 1690 1843 trinitatem.

146 1869 227 1916 Sed
245 1872 362 1915 fllium
383 1886 481 1915 vere
501 1887 523 1915 a
548 1879 656 1929 patre
677 1872 868 1928 genitum,
901 1879 941 1914 et
959 1871 1137 1928 spiritum
1160 1879 1336 1913 sanctum
1359 1884 1379 1911 a
1403 1877 1511 1926 patre
1536 1869 1692 1925 filioque

145 1955 224 1984 uon
247 1941 442 1994 alienum,
484 1941 721 1993 trinitatem,
764 1941 944 1997 inquam,
987 1954 1087 1996 quae
1121 1954 1277 1997 semper
1305 1939 1380 1991 sit,
1422 1953 1548 1994 neque
1578 1938 1692 1979 ullam

144 2002 414 2053 accessionem
441 2010 591 2066 capiat,
625 2023 751 2064 neque
775 2010 978 2066 quicquam
1006 2009 1044 2051 in
1070 2023 1160 2051 sese
1188 2008 1352 2050 iuferius
1376 2007 1540 2059 habeat,
1575 2021 1693 2062 quac-

143 2092 220 2135 que
239 2078 286 2120 ad
314 2077 549 2133 singularem
583 2078 770 2119 unitatem
801 2079 1034 2134 unicumque
1070 2078 1130 2119 dei
1155 2092 1201 2119 ac
1227 2076 1345 2133 patris
1370 2076 1600 2133 principium
1629 2089 1692 2117 re-

142 2148 307 2190 seratur.
368 2146 433 2188 ΑΙ)
453 2146 588 2188 eadem
612 2146 810 2199 trinitate,
854 2154 988 2203 patre,
1032 2147 1112 2188 filio
1134 2153 1174 2188 et
1197 2146 1335 2200 spiritu
1359 2153 1522 2196 sancto,
1555 2151 1690 2186 creata

143 2229 234 2259 esse
258 2220 421 2266 cuncta,
465 2228 563 2270 quae
593 2214 799 2271 aliquando
824 2229 900 2256 non
930 2216 1167 2266 extiterant,
1212 2228 1339 2270 neque
1365 2229 1451 2257 cum
1479 2214 1553 2255 deo
1581 2219 1687 2264 sunt,

145 2297 219 2327 nec
242 2290 334 2327 aute
359 2284 538 2334 fuerant,
571 2283 640 2324 sed
663 2297 685 2325 e
711 2283 830 2325 nihilo
853 2283 994 2340 aliquid
1017 2298 1106 2326 esse
1129 2290 1367 2340 coeperunt,
1399 2297 1421 2324 a
1444 2288 1576 2339 patre,
1610 2281 1688 2323 filio

142 2361 356 2408 sanctoque
377 2350 516 2408 spiritu
538 2352 737 2408 producta.
800 2349 915 2394 Hunc
935 2351 1061 2409 ipsum
1079 2359 1227 2409 patrem
1250 2359 1289 2394 et
1310 2351 1427 2393 filium
1452 2358 1491 2392 et
1510 2350 1688 2407 spiritum

141 2427 342 2472 sanetum,
381 2419 528 2462 sanctis
562 2418 645 2461 suis
668 2433 737 2476 per
761 2419 886 2462 visum
909 2421 1162 2477 apparuisse,
1204 2428 1389 2477 quantum
1414 2433 1555 2476 capere
1583 2420 1690 2476 quis·

141 2503 217 2547 que
241 2496 416 2546 poterat,
450 2502 496 2530 ac
522 2502 592 2545 pro
611 2501 661 2529 eo
684 2502 730 2530 ac
750 2487 909 2530 cuilibet
929 2489 1211 2531 communicata
1240 2503 1310 2546 per
1332 2487 1574 2530 divinitatem
1598 2502 1688 2544 gra-

141 2558 195 2600 tia
215 2565 293 2610 est,
326 2572 440 2614 quam
463 2557 511 2599 iis
530 2556 710 2599 omnibus
733 2556 797 2613 qui
818 2556 1071 2600 merebantur
1092 2556 1294 2614 impertiit.
1345 2554 1400 2598 lta
1427 2556 1547 2613 patris
1573 2569 1687 2613 aspe-

184 2739 218 2776 9.
242 2740 280 2783 ἑξ
303 2734 350 2777 ὦν
372 2751 434 2775 non
458 2743 630 2782 aqnmcune
651 2740 741 2772 codd.
766 2748 838 2773 mn.
862 2742 890 2772 et
934 2749 1006 2773 mas.
1029 2743 1057 2774 ct
1076 2741 1148 2773 edit.
1167 2742 1267 2782 princ.
1291 2734 1557 2783 προῦπάρξαντα,
1597 2736 1684 2783 γινό-

139 2788 214 2822 cau.
234 2789 335 2829 princ.
936 2795 1020 2828 μονα
1039 2787 1110 2819 edu·
1131 2787 1253 2828 Petov„
1276 2796 1315 2819 ex
1337 2787 1476 2820 renerio
1494 2794 1570 2827 poa.
1591 2783 1684 2820 1⁰96.

190 2833 240 2867 ¹0·
262 2827 433 2876 ἀληθινῶς
452 2830 492 2866 ἐκ
514 2829 640 2873 πατρὸς
667 2832 732 2864 (7οᾰ
758 2831 887 2872 ΒΜάὒσ-
983 2831 1034 2865 1⁴.
1059 2828 1143 2867 εἶναι
1164 2834 1314 2866 omasum
1346 2835 1389 2864 est
1417 2833 1450 2864 in
1482 2831 1554 2863 edit.
1575 2830 1683 2865 Petov.

190 2877 239 2913 tt.
264 2874 307 2912 mi
334 2878 350 2888 ⁴
372 2879 445 2911 edu.
470 2879 578 2911 petav.
937 2877 1042 2910 Coton.
1065 2881 1156 2918 repet.
1178 2893 1183 2899 ·

191 2924 241 2957 12.
266 2921 284 2958 ζ
339 2924 421 2958 uim
442 2924 526 2956 editi.
564 2921 757 2965 κεκτῆσθαι
779 2931 889 2963 morae
986 2924 1038 2956 15.
1056 2920 1196 2958 ἐδύνατο
1214 2924 1304 2956 codd.
1325 2931 1399 2955 mn.
1430 2917 1578 2966 ἠδύνατο
1598 2923 1684 2956 editi.

140 2970 213 3003 edit.
238 2970 345 3003 Petev.
369 2970 429 3010 (un
451 2978 490 3002 ex
507 2970 747 3005 commuta-H.
773 2965 813 3001 ἐκ
833 2966 887 3001 ἐκ·
984 2966 1032 3001 16.
1058 2964 1160 3003 αὐτοῦ
1185 2966 1242 3004 διὰ
1261 2968 1325 3012 τῆς
1346 2965 1508 3012 :edm-ro<
1533 2977 1682 3009 reponen-

140 3013 256 3049 fleam
275 3014 343 3047 eod.
367 3015 428 3048 len.
455 3012 649 3048 ἐκέκτισδαι
671 3014 738 3046 cod.
761 3014 886 3054 Βὴοάἰρ.
933 3015 1010 3046 dum
1029 3014 1085 3058 (ex
1107 3016 1246 3049 venario
1265 3024 1341 3058 ρας.
1363 3014 1465 3061 1096)
1488 3016 1605 3049 certauit
1622 3016 1682 3049 Pe-

189 3060 240 3095 13.
279 3057 554 3107 προῧπάρχοντα,
597 3057 761 3104 γινόμενα
797 3060 889 3093 codd.
933 3061 1048 3094 navius.
