2020 3276
440 199 623 233 rammi
646 199 732 233 ma.
747 200 806 233 m.
829 199 940 233 τοΜ.
958 201 998 234 n.
1019 200 1152 233 mun.
1175 200 1365 233 Lxxvm.
1594 192 1678 234 439

129 286 237 332 mne,
270 278 506 322 convenisse
531 279 775 335 postmodum
800 278 1036 331 arbitretur,
1070 280 1165 321 nihil
1189 279 1380 322 eiusmodi
1405 279 1677 322 demonstrare

130 347 195 393 vel
214 347 418 390 declarare
440 347 629 404 quispiam
654 354 808 404 potest,
840 348 910 389 sed
935 354 977 388 ut
999 348 1094 389 labis
1117 348 1244 389 omnis
1269 355 1473 405 expertem
1489 379 1501 399 ‚
1533 354 1574 389 et
1595 362 1679 390 ma-

129 414 243 459 culae
273 415 482 459 salvatoris
518 415 642 459 nostri
667 423 817 472 partum
854 416 1082 457 ostenderet
1106 415 1321 472 scriptura,
1363 416 1456 458 illud
1488 415 1675 458 asseruit.

129 482 396 540 Qmobrem
432 484 532 526 istae
556 497 700 534 voees,
743 486 831 525 Non
852 487 1148 538 cognatum,
1191 484 1238 525 ad
1270 484 1372 526 illius
1401 484 1566 540 gloriam
1588 498 1678 541 spe·

128 557 253 596 etant.
306 550 618 608 primogenitum
641 566 739 594 vero
758 553 949 604 nominat,
971 566 1020 594 eo
1039 553 1140 608 quod
1163 559 1253 594 ante
1274 559 1429 594 creatas
1453 567 1519 595 res
1540 567 1678 595 omnes

126 621 284 677 genitu!
297 628 381 672 eol,
413 628 478 673 et,
522 628 564 663 ut
586 621 640 663 ait
663 621 889 676 apostolus,
929 624 1207 674 pm’mogem'lus
1242 624 1281 661 in
1311 624 1439 662 multis
1460 623 1674 675 frawibusf
1695 630 1822 666 Rome,
1837 630 1880 659 aa.

129 703 208 733 non
241 696 423 746 respectu
453 690 501 732 ad
528 687 683 731 Mariae
718 689 864 731 liberos
892 689 1048 740 habito,
1097 689 1206 744 quasi
1241 689 1339 730 alios
1370 689 1434 730 illa
1462 689 1675 745 pepererit,

126 758 197 801 aed
217 757 264 802 ad
287 771 358 800 eos
378 771 516 799 omnes
535 758 599 813 qni
623 757 869 814 adoptionem
892 757 996 799 illius
1014 757 1207 799 beneficio
1229 757 1431 798 consecuti
1450 764 1557 808 sunt,
1589 772 1677 799 cum

125 822 284 869 nterim
313 825 413 869 filius
445 826 660 868 seeundum
699 839 857 868 carnem
894 839 1036 867 revera
1073 826 1166 876 fuit3
1210 839 1259 866 ne
1290 825 1518 867 adumbrata
1549 825 1676 867 solum

124 893 280 951 apeeiea
302 907 394 936 esse
421 894 637 937 videretur.
699 892 824 951 lgitur
846 892 1130 950 primogenitus
1167 907 1212 935 ac
1237 893 1402 948 virginis
1424 892 1548 949 ipsius
1576 893 1676 935 lilius

124 962 357 1021 appellatur,
389 977 468 1004 non
491 963 592 1018 quod
614 962 730 1014 alios,
763 962 817 1004 uti
838 962 948 1014 dixi,
981 962 1127 1004 liberos
1157 961 1371 1018 pepererit.
1434 961 1591 1003 Etenim
1616 968 1677 1004 est

125 1030 306 1088 quidalm
326 1031 367 1073 in
384 1045 433 1073 eo
452 1044 600 1087 genere
620 1031 656 1072 ei
676 1031 803 1073 simile
823 1031 924 1086 quod
944 1029 1255 1072 incarnationem
1277 1029 1507 1072 antecessit.
1569 1028 1673 1071 Nam

125 1105 170 1143 ut
189 1099 472 1157 primogenitus
497 1113 637 1141 revera
672 1099 791 1155 patris
822 1106 914 1140 ante
945 1106 1164 1141 creaturam
1196 1112 1351 1140 omnem
1375 1098 1557 1140 extitisse
1581 1098 1676 1139 dici·

126 1174 216 1220 tur,
260 1181 388 1223 neque
411 1174 542 1210 tamen
571 1167 660 1209 ideo
681 1167 782 1223 quod
810 1167 875 1210 alii
901 1174 988 1224 post
1010 1168 1136 1224 ipsum
1162 1181 1184 1209 a
1207 1173 1316 1224 patre
1338 1167 1460 1222 geniti
1487 1167 1567 1208 sint
1597 1167 1675 1222 pri-

125 1235 347 1293 mogenitus
378 1243 562 1287 vocatum
603 1251 681 1278 non
713 1235 815 1277 enim
848 1236 1007 1278 fratrem
1044 1236 1209 1277 alterum
1244 1235 1399 1286 habuit,
1442 1235 1582 1292 quippe
1610 1235 1675 1290 qui

123 1305 179 1348 ait
199 1304 440 1360 unigenitus.
503 1302 561 1346 lta
584 1311 624 1346 et
646 1311 830 1361 suscepto
855 1318 1021 1360 corpore
1043 1302 1199 1346 Mariae
1232 1303 1515 1359 primogenitus
1546 1303 1677 1359 appel·

123 1373 251 1424 latar;
282 1372 439 1414 tametsi
461 1373 575 1414 unica
598 1372 684 1414 eius
709 1372 839 1428 proles
859 1371 1063 1424 extiterit,
1108 1385 1234 1427 neque
1254 1372 1449 1413 secundus
1473 1385 1527 1414 ex
1552 1385 1600 1413 ea
1625 1371 1678 1413 sit

122 1441 178 1484 illi
209 1441 334 1483 l'rater
364 1440 404 1482 in
428 1441 552 1482 lucem
583 1441 726 1482 editus.
788 1438 942 1483 Sileant
973 1441 1104 1496 itaque
1139 1439 1316 1481 homines
1342 1440 1406 1481 isti
1431 1440 1494 1495 qui
1526 1454 1573 1481 ea
1600 1439 1673 1481 sibi

123 1509 275 1566 fingunt
309 1523 410 1565 quae
445 1509 656 1565 perniciem
695 1509 818 1564 magis
856 1523 969 1564 quam
1002 1509 1206 1551 utilitatem
1238 1508 1334 1564 ipsis
1364 1508 1559 1559 afferunt,
1604 1507 1673 1549 sed

122 1577 205 1630 ille,
227 1591 392 1634 quaeso,
416 1578 586 1619 lacessat
607 1591 735 1618 error.
799 1575 1046 1632 Quicumque
1068 1577 1264 1618 dominum
1290 1576 1473 1627 honorat,
1506 1576 1675 1618 honorat

121 1653 164 1690 et
183 1652 389 1697 nanctum
432 1646 495 1701 qui
531 1645 742 1701 ignominia
772 1653 949 1687 sanctum
983 1645 1123 1696 afficit,
1169 1645 1330 1686 eandem
1356 1653 1396 1685 et
1419 1644 1576 1686 domino
1599 1658 1672 1685 suo

120 1713 374 1772 ignominiam
397 1714 575 1771 imponit.
639 1711 700 1756 Sit
738 1714 776 1755 in
799 1728 888 1756 sese
912 1712 1043 1756 Maria
1066 1713 1314 1755 sanctissima
1349 1712 1414 1754 illa
1438 1712 1552 1768 virgo
1583 1726 1673 1754 vas-

122 1797 199 1840 que
216 1782 310 1826 illud
330 1789 644 1825 sacrosanctum.
707 1780 910 1825 Eiusmodi
931 1796 1029 1823 vero
1053 1782 1238 1838 pestilera
1261 1788 1378 1837 atque
1402 1781 1580 1825 exitialia
1605 1781 1674 1822 do·

121 1857 253 1908 gnata
285 1850 430 1893 nullum
463 1850 577 1892 nobis
609 1851 777 1892 l'ructum
810 1851 1003 1901 all'ernnt3
1047 1864 1196 1906 nosque
1219 1850 1318 1892 adeo
1353 1849 1673 1891 honorificentius

123 1919 173 1962 de
193 1919 258 1962 illa
277 1919 427 1962 sentire
447 1933 517 1975 par
537 1926 620 1970 est,
665 1933 715 1961 ne
745 1920 784 1961 in
819 1919 937 1960 animi
968 1919 1217 1960 insolentiam
1246 1924 1312 1959 aut
1338 1918 1572 1959 discordiam
1606 1924 1674 1960 aut

123 2000 455 2044 aupervaeaueam
479 1987 754 2043 loquacitatem
779 1987 1012 2030 incidamus.
1067 1985 1221 2043 Quippe
1241 1989 1287 2027 de
1305 1989 1409 2027 omne·
1421 1989 1539 2027 otioso
1558 1987 1669 2027 verbo
1717 1997 1831 2026 Mania.

123 2058 328 2104 raabam,
362 2061 405 2097 ut
430 2055 615 2111 scriptum
641 2063 725 2107 est,
757 2059 949 2097 reddituri
975 2071 1117 2097 sumus.
1184 2054 1292 2110 Ergo
1326 2055 1526 2111 nosipsos
1558 2068 1673 2096 cure·
1719 2033 1823 2068 ¹²⁸&

124 2136 234 2176 mua,
275 2136 406 2165 rerum
440 2129 660 2165 nostrarum
682 2131 933 2180 satagamus3
978 2138 1079 2166 neve
1109 2137 1207 2179 quae
1236 2122 1361 2165 nostri
1394 2123 1550 2179 propria
1581 2130 1673 2165 sunt

124 2191 165 2234 in
189 2198 352 2235 sanctos
371 2191 632 2247 proferamus,
665 2199 731 2233 aut
753 2206 803 2234 ex
829 2191 941 2234 nobis
963 2192 1059 2249 ipsis
1079 2206 1178 2248 quae
1198 2193 1246 2234 ad
1266 2191 1353 2234 illos
1372 2191 1568 2248 pertinent
1590 2205 1671 2233 me-

125 2259 190 2303 tiri
222 2260 404 2302 velimus.

237 2326 391 2384 Quippe
415 2326 589 2369 nonnulli
610 2333 702 2368 sunt
729 2327 791 2382 qui
819 2341 905 2370 cum
934 2328 982 2370 ad
1008 2328 1144 2371 luxum
1167 2342 1214 2371 ac
1239 2326 1398 2370 delicias
1424 2327 1536 2369 ell'usi
1568 2326 1663 2378 sint,
1733 2328 1813 2372 cap.

124 2403 166 2439 et
186 2396 447 2454 perniciosam
473 2402 640 2436 mentem
674 2395 951 2451 conceperint,
992 2396 1078 2439 iure
1100 2411 1148 2438 an
1175 2395 1319 2438 iniuria
1349 2402 1508 2437 sanctos
1532 2394 1668 2436 iisdem
1715 2374 1828 2408 XXH‘

125 2464 323 2508 foeditatis
346 2464 509 2506 maculis
532 2476 743 2519 aspergere
769 2471 981 2517 conantur3
1014 2479 1090 2520 quo
1115 2478 1237 2521 pravo
1261 2471 1302 2506 et
1324 2462 1518 2505 imbecillo
1541 2462 1670 2504 animo

124 2546 199 2576 ano
217 2533 423 2575 honestum
444 2531 613 2588 aliquem
634 2531 805 2572 colorem
827 2532 1074 2588 speciemque
1092 2532 1338 2588 conquirant.
1402 2529 1553 2573 Contra
1572 2545 1670 2587 quos

124 2601 326 2658 apostotus
345 2601 397 2642 ita
421 2600 614 2655 loquitur,
651 2601 764 2640 Velae’m
788 2614 912 2641 omnes
934 2603 1163 2641 mei'sae'miles
1181 2616 1274 2642 esse.
1338 2598 1411 2643 Ubi
1435 2599 1498 2641 illa
1525 2599 1663 2651 verba,
1684 2612 1872 2649 meeum.

124 2670 208 2712 noa·
233 2671 375 2711 se‘rnn'ees
398 2683 501 2717 esee,
548 2668 595 2710 de
622 2682 699 2723 quo
726 2668 803 2710 alio
833 2682 947 2723 quam
979 2668 1028 2710 de
1051 2667 1280 2711 castimonia
1304 2667 1554 2724 interpretari
1579 2681 1669 2724 pos-

125 2737 287 2781 tumus?
345 2741 479 2779 Verum
505 2745 661 2790 propter·
681 2738 961 2791 sorm'eaetbnes
1000 2740 1253 2791 unusquisque
1279 2750 1434 2777 morem
1467 2749 1573 2776 suom
1598 2738 1665 2778 ha·
1731 2751 1808 2783 ma.

126 2806 223 2848 beas.
286 2802 367 2848 Sed
387 2807 426 2847 in
447 2804 566 2861 priori
589 2812 699 2861 parte
727 2818 940 2861 pronomen
961 2804 1150 2855 detraxit,
1184 2805 1283 2860 quod
1304 2803 1546 2846 acerbiorem
1570 2804 1668 2846 alio-

126 2873 191 2931 qui
228 2873 575 2930 reprehensionem
612 2881 650 2914 et
686 2873 983 2928 castigationem
1021 2872 1196 2914 liaberet.
1268 2870 1370 2914 Nam
1410 2886 1496 2914 cnm
1536 2872 1667 2915 dicere

127 2948 284 2999 posset,
326 2944 485 2996 Propter
496 2943 776 2997 sormi-attona
805 2948 971 2989 vestras,
1015 2954 1153 2982 vocem
1180 2939 1284 2983 illam
1315 2948 1458 2982 vestras
1486 2942 1665 2984 consulto

174 3031 255 3066 cu».
274 3031 387 3066 xxn.
415 3051 457 3059 -
507 3033 535 3067 ι.
558 3024 626 3077 ἄρα
648 3033 738 3066 eoae
760 3041 833 3066 mn.
