2020 3276
433 210 612 244 rammi
638 210 719 243 nie.
736 210 794 242 in.
819 209 984 243 ‘romam
1008 207 1349 242 mnmnxxvm.
1583 197 1666 238 407

121 295 199 349 ῃ
216 303 243 332 a
260 290 403 348 apii-itu
422 296 561 333 sancto
579 290 708 332 aliena
731 295 822 331 sunt
834 320 848 340 ,
880 289 918 330 in
942 288 1015 331 hac
1039 295 1169 330 aetate
1191 294 1326 329 nostra
1345 292 1437 328 sunt
1456 284 1666 336 exhausta,

90 391 98 399 .
121 357 272 403 dati·
301 371 349 402 aa
371 358 561 415 quaedam
585 372 686 400 nova
713 363 965 399 convertunt.
1026 356 1193 411 Quidam
1221 355 1324 397 euim
1347 355 1386 396 in
1411 361 1560 411 patrem
1582 352 1671 395 nui-

121 435 328 472 ver-ora-
353 427 470 469 deum
496 440 542 469 ae
565 426 807 468 conditorem
829 425 1089 467 contumelias
1113 424 1283 476 iaciunt,
1324 422 1460 478 quales
1485 427 1577 464 sunt
1604 421 1671 477 qui

121 493 304 540 Gnostici
331 493 529 538 dicuntur.
588 496 646 537 At
666 493 895 536 Marciones
930 499 970 535 et
995 491 1250 543 Archontici,
1292 505 1365 532 nec
1399 505 1477 532 uon
1511 497 1552 531 et
1583 490 1672 532 illo·

121 577 209 609 η·
238 562 419 606 meet-e
452 561 699 615 Manichaei,
741 562 806 618 qui
839 576 918 604 non
948 561 1035 603 sine
1067 560 1198 602 divina
1231 559 1392 614 quadam
1425 558 1671 614 providentia

122 631 312 675 farina·-
341 631 432 674 itt-d
457 645 600 674 nomen
630 631 758 673 sortiti
782 630 989 681 videntur,
1030 629 1151 684 igitur
1171 641 1310 669 omnes
1333 626 1397 668 isti
1421 641 1508 668 cum
1531 626 1672 682 pleris-

120 713 199 758 que
219 699 312 743 atii·
335 700 592 750 haeresibus,
626 697 867 750 (tainorum,
900 692 1171 746 Sittianorum,
1204 694 1670 746 Melchisedeciauorum',

120 765 471 820 cohib-storum,
503 766 870 819 Cerdoniauornm,
902 780 949 808 ac
971 766 1116 807 ceteris
1136 765 1174 806 id
1195 777 1344 820 genus,
1378 764 1542 804 eundem
1566 763 1672 804 illum

120 835 396 880 universoru-
433 842 581 893 patrem
614 834 863 878 contumeliis
884 834 1082 884 afficiunt,
1124 833 1214 875 dum
1237 833 1362 888 ipsum
1388 838 1537 886 negant
1554 830 1671 872 deum

121 905 231 950 ilh-
265 905 447 948 extitisse
478 906 543 961 qui
577 905 614 946 in
647 905 735 960 lege
756 917 803 945 ac
830 902 1029 959 prophetis
1060 901 1214 943 locutus
1244 907 1330 952 est,
1373 899 1516 956 quique
1541 898 1627 940 iure
1651 911 1674 940 a

120 972 269 1017 emti·
295 972 415 1016 rebus
435 973 641 1024 omnibus,
685 980 868 1028 tanquam
893 977 1054 1013 creator
1081 977 1121 1011 et
1147 969 1283 1025 opifex
1305 969 1516 1019 adoratui-3
1562 967 1673 1009 cuius

121 1041 178 1086 ilfi
195 1041 341 1086 edun
374 1055 451 1084 nna
483 1055 571 1083 cum
593 1040 794 1083 dominatu
814 1054 860 1082 ac
885 1045 1078 1096 potestate
1103 1044 1299 1080 conantur
1324 1044 1532 1087 evertere,
1565 1043 1608 1077 ut
1633 1042 1674 1077 et

121 1109 257 1162 uhu,
297 1108 365 1166 qai
386 1123 527 1152 revera
553 1116 637 1160 est,
683 1110 838 1150 eiurent
855 1109 969 1150 deum
993 1115 1033 1149 et
1057 1107 1246 1166 alterqm,
1291 1106 1355 1161 qui
1381 1118 1570 1160 nusquam
1594 1110 1671 1156 est,

122 1178 222 1222 falsa
239 1191 290 1221 ac
311 1177 488 1221 fabulosa
510 1177 695 1234 opinione
714 1191 786 1219 sua
807 1176 1049 1232 confingant,
1081 1182 1199 1231 atque
1218 1182 1257 1216 et
1277 1187 1413 1216 verum
1434 1173 1540 1214 illum
1561 1166 1674 1213 amit·

122 1253 225 1299 tant,
255 1252 312 1299 et,
335 1259 451 1302 quem
476 1246 574 1288 falso
598 1245 672 1287 sibi
695 1252 932 1302 proponunt,
965 1258 1208 1300 nequaquam
1233 1249 1508 1298 assequantur.
1569 1239 1673 1282 Nam

122 1315 222 1359 baec
244 1321 308 1357 eat
325 1314 489 1370 nugacis
514 1313 628 1357 istius
656 1313 883 1365 doctrinae,
925 1326 1024 1368 quac
1047 1327 1102 1354 ex
1121 1311 1264 1354 diaboli
1287 1318 1374 1353 satu
1395 1309 1671 1367 proficiscitur,

121 1383 251 1427 viaet
270 1389 432 1433 natura,
465 1390 507 1423 ut
529 1381 839 1424 tumultationem
862 1395 909 1423 ac
934 1380 1267 1437 perturbationem
1289 1379 1486 1430 immittat,
1519 1385 1560 1421 et
1583 1392 1674 1435 pro-

121 1457 345 1495 erutorum
365 1450 563 1493 hominum
588 1457 740 1492 mentes
760 1449 1056 1492 contumeliosis
1076 1449 1115 1490 iu
1139 1449 1252 1491 deum
1274 1446 1577 1503 cogitationibus
1601 1461 1675 1488 ex·

120 1520 239 1572 citet,
270 1525 313 1563 nt
333 1519 557 1575 depravatis
579 1518 809 1574 quibusdam
834 1517 1106 1574 opinionibus,
1139 1531 1238 1573 quae
1263 1531 1349 1558 eum
1374 1516 1436 1557 dei
1463 1515 1674 1571 negatione

119 1589 357 1635 wanno
387 1594 503 1639 sunt,
546 1594 684 1628 contra
717 1586 915 1628 dominum
949 1600 1062 1628 suum
1095 1585 1236 1627 hostile
1266 1585 1408 1626 bellum
1439 1584 1670 1640 suscipiant.

120 1655 203 1703 sod
236 1670 392 1700 rursum
417 1656 525 1698 velut
555 1656 721 1711 quodam
746 1654 835 1696 hinc
862 1654 1034 1696 divortio
1058 1655 1160 1696 facto
1185 1652 1362 1695 nonnulli
1384 1652 1498 1694 aliam
1522 1652 1560 1693 in
1585 1665 1675 1708 par—

122 1733 203 1771 tu
220 1725 432 1769 deflectere
451 1737 528 1766 non
553 1724 803 1774 dubitarunt,
836 1730 878 1765 ut
902 1723 1059 1765 unicum
1084 1723 1370 1778 redemptorem
1396 1735 1507 1763 suum
1534 1734 1580 1762 ac
1605 1720 1674 1762 do-

120 1794 269 1838 -nmn
291 1793 559 1848 abnegarent,
605 1792 844 1848 unigenitum
870 1791 1040 1834 viventis
1066 1790 1127 1832 dei
1155 1790 1272 1832 lilium
1301 1787 1429 1831 lesum
1454 1786 1673 1841 Christum,

122 1862 189 1919 qui
212 1861 266 1904 ab
293 1861 432 1904 eodem
459 1867 570 1918 patre
600 1874 743 1902 revera
770 1868 829 1902 est
865 1860 953 1902 siue
983 1860 1062 1902 ullo
1087 1859 1200 1901 initio
1225 1872 1272 1900 ac
1297 1866 1471 1913 tempore
1498 1857 1673 1913 genitus,

123 1929 267 1987 quique
300 1930 351 1971 ab
381 1942 430 1971 eo
458 1936 498 1971 et
531 1943 618 1971 cum
651 1943 700 1970 eo
734 1942 892 1985 semper
914 1927 1076 1980 existit,
1119 1927 1184 1983 qui
1206 1929 1360 1969 ratione
1384 1926 1547 1981 quadam
1574 1938 1675 1981 quae

124 1997 232 2041 onai
250 1996 602 2054 comprehensione
636 1998 818 2054 superior
840 2004 900 2039 est
930 1997 1017 2038 siue
1041 1997 1117 2039 ulla
1144 1995 1414 2052 inquinatione
1435 1993 1591 2050 genitus
1615 2000 1677 2035 est

125 2065 300 2109 eiusdem
331 2078 420 2107 cnm
451 2072 561 2121 patre
592 2066 859 2116 substantiae,
906 2079 980 2106 uec
1013 2065 1063 2106 ab
1093 2078 1141 2106 eo
1173 2065 1253 2106 ullo
1283 2064 1398 2105 modo
1429 2063 1672 2118 discrepans.

125 2131 277 2177 Contra
315 2132 418 2175 bunc
452 2132 572 2188 igitur
599 2132 844 2175 insanientes
875 2133 963 2184 alii,
1006 2133 1116 2175 velut
1142 2132 1265 2175 rabidi
1290 2145 1433 2182 canes,
1478 2130 1675 2172 domiuum

125 2215 239 2245 auum
258 2200 505 2251 attan-antes,
537 2201 858 2255 quemadmodum
881 2201 971 2243 olim
994 2199 1144 2253 ludaei,
1172 2201 1273 2256 quod
1298 2201 1402 2243 illum
1427 2199 1674 2255 ignorarent,

125 2270 267 2315 merito
287 2272 385 2310 muti
400 2283 513 2309 canes
533 2283 554 2309 a
574 2268 759 2324 propheta
782 2276 986 2311 vocantur.
1047 2269 1160 2326 Quae
1181 2270 1219 2311 in
1245 2269 1332 2311 illos
1353 2268 1560 2325 appellatio
1581 2280 1671 2323 pro·
1689 2276 1880 2313 sanaem

125 2346 215 2396 pter
238 2338 501 2394 impudentem
526 2350 571 2378 ac
595 2337 846 2379 temerarium
878 2337 1031 2380 illorum
1059 2338 1097 2379 in
1125 2337 1347 2388 dominum,
1394 2343 1432 2378 et
1455 2342 1675 2391 susceptam

125 2406 176 2451 ab
200 2420 251 2450 eo
271 2412 448 2448 naturam
480 2404 663 2461 impetum
698 2411 737 2446 et
772 2405 957 2447 insultum
989 2406 1074 2447 iure
1104 2406 1328 2454 confertur,
1373 2413 1414 2446 nt
1437 2418 1488 2446 ex
1513 2417 1561 2444 eo
1582 2416 1677 2445 con-

125 2481 234 2519 stare
261 2481 390 2531 potest
412 2473 512 2529 quod
540 2472 719 2514 rabiosos
739 2487 859 2514 canes
882 2473 932 2515 ob
954 2473 991 2515 id
1013 2481 1142 2516 mutos
1163 2487 1252 2515 esse
1275 2479 1460 2524 narrant,
1492 2469 1677 2527 quoniam

127 2543 211 2601 ipsa
239 2541 330 2585 illos
361 2542 492 2584 rabies
522 2541 727 2583 edentulos
761 2540 868 2583 facit.

240 2608 316 2653 Est
337 2610 440 2653 euim
467 2610 563 2651 haec
592 2616 730 2651 natura
752 2623 892 2651 canum
908 2641 919 2661 ,
953 2616 1156 2667 postquam
1181 2609 1290 2651 rabie
1315 2610 1451 2651 tentati
1476 2613 1583 2657 sunt,
1618 2612 1675 2659 ut,
1694 2621 1776 2667 0⁸1²·
1801 2622 1858 2656 w,

126 2678 194 2735 qui
215 2678 412 2721 domiuum
449 2685 589 2728 antea,
634 2678 795 2732 eiusque
827 2677 972 2719 liberos
999 2691 1047 2719 ac
1069 2678 1331 2728 domesticos,
1374 2684 1609 2732 ceterosque
1632 2674 1678 2716 il-

127 2747 202 2792 lius
237 2747 474 2806 propinquos
508 2754 547 2787 et
578 2746 789 2788 familiares
827 2752 1119 2800 cognoverant,
1166 2745 1398 2801 simulatque
1436 2743 1572 2786 morbo
1609 2743 1677 2786 illo

129 2815 302 2873 correpti
323 2823 438 2866 sunt,
481 2815 651 2856 omnium
680 2815 845 2855 istorum
882 2813 1011 2855 vultus
1037 2813 1189 2855 illorum
1219 2813 1345 2855 oculis
1373 2812 1598 2855 commutati
1618 2812 1678 2854 vi·

130 2884 321 2936 deantur,
364 2891 480 2940 atque
512 2884 551 2925 in
585 2891 700 2924 notos
737 2881 934 2934 insiliant,
974 2895 1073 2938 quos
1105 2888 1220 2924 antea
1253 2882 1391 2940 partim
1422 2882 1545 2924 cauda
1569 2880 1678 2935 blan-

173 2998 208 3033 3.
232 2999 384 3039 susp-*ew
405 2996 436 3033 οἳ
461 2997 530 3042 μὲν.
927 2994 1026 3031 ἕνεκα
1046 2997 1119 3039 τῆς·

175 3040 210 3078 4.
234 3044 376 3079 For-iam
400 3042 440 3080 ἐκ
463 3045 547 3088 τῆς,
571 3044 619 3077 vel
638 3040 882 3088 κατηξιωμένοι
