2020 3276
485 245 666 280 PANAtttt
692 244 848 278 mum.
875 245 984 279 ΤοΜ.
1003 246 1043 278 n.
1067 244 1198 278 naen.
1215 244 1404 278 Lxxvttt.
1635 234 1716 275 443

174 324 329 384 quidem
347 325 506 382 impium
529 340 575 367 ac
594 324 802 367 scelestum
827 331 903 376 est,
935 331 975 366 et
995 338 1016 365 a
1038 324 1161 366 sancti
1182 324 1342 380 spiritus
1362 323 1538 364 doctrina
1558 335 1719 379 prorsus

174 393 361 438 elie-um.
421 392 559 450 Quare
589 399 711 436 totum
745 393 838 434 illud
867 407 889 434 a
920 392 1122 434 daemonis
1155 393 1284 434 afflatu
1315 398 1354 433 et
1382 391 1520 448 impuri
1558 390 1719 447 spiritus

174 460 628 520 discipliuaproieetum
662 468 739 503 est.
811 459 896 503 Hoc
933 460 1036 502 euim
1072 460 1111 501 in
1147 460 1243 516 ipsis
1284 460 1488 516 impletur,
1535 460 1722 513 Deficient
1737 471 1906 503 lanu-oth.

173 530 320 587 qae-
339 544 366 572 a
386 545 481 572 nna
502 533 700 579 docum,
733 531 965 570 intendentes
987 530 1133 583 sabulis
1155 537 1195 569 et
1214 532 1398 569 doctrinis
1422 531 1714 569 daemoniorum.
1787 508 1814 543 θ’
1832 508 1857 537 ι’

177 601 308 644 Brun!
329 602 446 648 emh,
481 599 630 655 inquit,
672 606 839 639 mortuos
861 600 1048 646 colentes,
1093 597 1414 653 quemadmodum
1440 597 1538 653 apud
1564 594 1721 638 lsrae'li-

174 674 239 711 ιιι
260 667 410 710 honore
428 675 526 709 'sunt
549 667 697 709 affecti.
758 664 818 708 Ita
849 667 991 708 factum
1024 673 1085 707 est
1115 672 1155 707 ut
1179 672 1403 707 sauctorum
1434 666 1496 720 qui
1518 664 1600 707 suis
1623 671 1721 707 tem·

176 735 336 794 poribus
365 735 585 778 floruerunt
612 735 834 778 redundans
867 734 905 776 in
930 735 1044 776 deum
1075 733 1200 789 gloria
1222 733 1310 775 aliis
1334 734 1398 789 qui
1421 734 1626 775 veritatem
1651 732 1723 774 mi-

175 804 281 849 nime
309 804 578 861 perspicerent
606 804 855 846 occasionem
884 803 1035 844 erroris
1065 802 1254 844 attulerit.

288 870 447 914 Etenim
474 870 658 924 Sicimis,
700 886 799 928 quae
825 871 939 913 hodie
964 869 1157 927 Neapolis
1181 870 1347 922 dicitur,
1393 884 1504 911 sacra
1527 870 1717 926 quaedam
1782 875 1864 919 Cap.

175 939 226 983 'ab
248 939 443 996 indigenis
467 941 507 982 in
537 940 724 982 bonorem
748 940 900 997 puellae
922 939 1196 991 celebrantur,
1238 939 1339 995 quod
1364 939 1412 980 ab
1434 936 1617 995 lephtliae
1642 939 1717 980 lilia
1756 921 1884 994 {ij

176 1021 361 1053 manaae
383 1009 562 1060 videtur,
604 1022 703 1065 quae
737 1009 812 1050 deo
843 1009 1035 1065 qnondam
1067 1008 1284 1050 sacrificata
1311 1008 1453 1049 suerat.
1516 1005 1630 1062 Quae
1657 1020 1722 1048 res

175 1077 333 1120 niteris
365 1076 587 1119 hominibus
620 1077 864 1119 idololatriae
888 1077 1183 1132 inanissimique
1218 1076 1346 1117 cultus
1378 1075 1579 1117 materiam
1610 1089 1721 1132 prae·

175 1144 279 1189 huit.
339 1143 565 1202 Quinetiam
588 1143 808 1188 Pharaonis
833 1145 974 1198 filiam,
1017 1159 1116 1200 quae
1137 1159 1295 1186 servum
1319 1145 1380 1186 dei
1401 1142 1573 1201 Moysen
1601 1144 1723 1186 hono-
1750 1159 1843 1189 axau.
1862 1161 1889 1190 ε.

177 1213 305 1267 ravit,
349 1221 389 1257 et
412 1213 605 1256 sublatum
628 1213 840 1266 enutrivit,
885 1221 1044 1270 propter
1073 1213 1267 1255 celebrem
1296 1213 1445 1269 pueruli
1479 1214 1619 1254 famam
1651 1212 1724 1253 im-

177 1282 339 1339 pensius
370 1296 486 1338 quam
516 1296 587 1339 par
616 1290 702 1324 erat
735 1297 782 1324 ac
817 1297 887 1339 pro
923 1283 996 1324 deo
1026 1288 1264 1324 venerantes
1290 1280 1474 1338 Aegyptii
1506 1279 1724 1323 istiusmodi

177 1350 495 1408 superstitionem
534 1351 573 1392 in
604 1351 769 1392 stolidos
803 1351 981 1392 homines
1010 1351 1225 1392 derivatam
1261 1351 1409 1392 nefarie
1442 1356 1721 1407 propagarunt.

177 1416 290 1475 Ergo
314 1418 369 1460 illi
392 1417 629 1461 Thermutin
652 1419 871 1476 Amenophi
898 1419 1037 1468 filiam,
1079 1419 1152 1461 hoc
1183 1426 1246 1460 est
1266 1417 1510 1469 Pharaonis,
1558 1419 1724 1460 adorare

177 1493 368 1544 pergunt,
397 1487 523 1543 quod,
568 1494 609 1528 ut
631 1494 744 1528 antea
770 1488 874 1540 dixi,
917 1486 1088 1544 Moysen
1113 1488 1354 1529 educaverit.
1416 1486 1620 1528 Eiusmodi
1645 1486 1725 1543 plc-

178 1544 300 1612 raqu‘e
325 1556 373 1598 ad
394 1569 604 1597 caecorum
640 1556 837 1598 homiuum
863 1557 1036 1598 fraudem
1062 1563 1101 1597 et
1131 1570 1307 1598 errorem
1331 1556 1370 1597 in
1397 1556 1579 1598 mundum
1601 1555 1724 1596 intro-

178 1623 294 1667 ducta
313 1630 428 1676 suut3
471 1638 550 1666 uon
585 1625 686 1680 quod
721 1625 846 1666 sancti
879 1625 1058 1680 cuiquam
1082 1624 1313 1666 offensionis
1336 1639 1470 1666 ansam
1495 1624 1722 1680 praebeant,

177 1692 248 1735 sed
269 1692 370 1748 quod
393 1692 675 1748 conquiescere
696 1706 808 1734 meus
831 1693 1027 1734 hominum
1050 1700 1232 1748 nequeat,
1265 1700 1305 1734 et
1326 1693 1370 1734 ad
1394 1707 1515 1750 prava
1538 1692 1721 1734 declinet.

178 1757 336 1804 Etenim
364 1761 452 1803 sive
483 1769 637 1803 mortua
667 1769 728 1803 est
759 1761 873 1817 virgo
903 1762 1176 1812 sanctissima,
1218 1775 1264 1803 ac
1287 1761 1439 1818 sepulta
1458 1775 1610 1803 summo
1637 1774 1724 1802 cum

178 1829 389 1886 splendore
419 1829 625 1871 coniuncta
659 1844 764 1871 mors
787 1829 890 1872 illius
912 1837 998 1881 est,
1043 1836 1083 1871 et
1103 1830 1347 1872 castissimus
1372 1830 1529 1881 exitus,
1574 1843 1622 1871 ac
1646 1829 1724 1871 vir·

177 1896 355 1953 giuitatis
386 1896 425 1939 ei
451 1911 599 1940 corona
621 1912 834 1940 concessa:
877 1899 963 1940 sive
990 1899 1219 1950 interfecta,
1260 1905 1303 1940 ut
1330 1898 1506 1940 indicare
1531 1898 1724 1954 scriptura

180 1963 339 2008 videtur
357 1964 419 2008 his
434 1966 584 2018 verbis,
615 1969 669 2007 Et
687 1970 805 2021 ipsius
825 1970 986 2008 am'mam
1001 1969 1218 2021 penetrabit
1230 1970 1399 2021 gladius,
1432 1967 1596 2022 gloriam
1618 1980 1720 2008 mar·
1738 1973 1850 2010 Iane-¹,
1866 1973 1911 2002 ὃ·

181 2038 292 2090 tyren
315 2033 419 2076 inter
439 2047 486 2076 ae
503 2034 623 2077 decus
650 2035 823 2087 obtinet,
869 2042 910 2077 et
930 2049 1086 2077 sacrum
1113 2035 1217 2077 illius
1240 2050 1382 2091 corpus
1408 2037 1512 2077 omni
1540 2035 1725 2077 felicitate

181 2100 415 2143 cumulatum
447 2109 530 2155 est,
572 2116 643 2159 per
664 2117 777 2159 quam
801 2104 946 2146 mundo
972 2104 1101 2146 lumen
1124 2104 1270 2146 illuxit.
1332 2103 1471 2146 Potest
1495 2105 1663 2160 denique
1686 2111 1726 2146 et

179 2168 222 2211 iu
242 2168 326 2212 vita
346 2169 555 2212 mansisse.
616 2168 755 2213 Potest
779 2172 883 2214 enim
904 2173 1000 2214 deus
1024 2172 1204 2229 quicquid
1235 2172 1392 2215 libuerit
1414 2174 1593 2225 efficere3
1637 2187 1723 2214 nam

180 2236 230 2280 de
251 2237 357 2280 illius
377 2237 491 2280 exitu
511 2238 605 2280 nihil
627 2246 737 2281 certo
758 2246 926 2282 constat.
988 2238 1115 2283 Porro
1138 2242 1239 2284 ultra
1265 2256 1378 2297 quam
1402 2255 1473 2298 par
1494 2241 1546 2283 sit
1565 2248 1724 2283 sanctos

180 2306 362 2349 venerari
396 2307 508 2348 nel'as
535 2313 621 2358 est,
664 2307 733 2348 sed
766 2307 920 2349 illorum
950 2307 1199 2351 honorandus
1229 2317 1292 2351 est
1319 2310 1515 2351 dominns.
1577 2307 1724 2364 Quam-

179 2373 316 2417 obrem
339 2373 493 2416 desinat
515 2375 669 2416 tandem
695 2374 905 2417 infelicium
936 2376 1001 2419 ille
1033 2377 1228 2419 hominum
1255 2392 1383 2420 error.
1446 2377 1587 2433 Neque
1619 2377 1722 2419 enim

178 2440 310 2486 Maria
332 2443 429 2485 deus
451 2450 538 2494 est,
571 2456 699 2499 neque
721 2443 769 2484 de
790 2443 902 2485 coelo
921 2458 1064 2501 corpus
1083 2447 1257 2502 accepit,
1300 2447 1369 2489 sed
1394 2446 1441 2488 ab
1465 2447 1551 2487 viro
1573 2460 1619 2487 ac
1641 2460 1723 2487 mu-

179 2510 278 2555 liere
300 2511 455 2567 genita,
490 2510 644 2553 tametsi
669 2524 720 2553 ex
749 2512 1030 2568 promissione,
1061 2521 1103 2555 ut
1125 2514 1214 2556 olim
1241 2512 1416 2564 lsaacus,
1449 2514 1637 2569 singulari
1662 2514 1723 2555 dei

179 2578 233 2622 sit
263 2580 507 2637 providentia
544 2593 750 2621 concessa.
811 2578 943 2622 Nemo
975 2594 1072 2623 vero
1102 2582 1144 2624 iu
1178 2582 1281 2624 illius
1313 2596 1455 2625 nomen
1490 2581 1723 2623 sacrificium

180 2647 345 2700 offerat3
377 2647 521 2703 alioqui
546 2649 698 2689 animae
717 2661 811 2690 suae
834 2655 997 2690 mortem
1022 2656 1136 2705 atque
1158 2650 1322 2692 exitium
1345 2650 1579 2692 consciscet.
1639 2649 1724 2692 Ne-

181 2729 256 2772 que
293 2729 390 2758 vero
428 2716 467 2758 in
507 2716 791 2758 sanctissimam
833 2716 937 2757 illam
974 2718 1256 2760 contumeliose
1298 2718 1527 2774 perbachari
1565 2718 1720 2761 audeat.

180 2783 298 2827 Absit
328 2784 431 2827 enim
454 2792 496 2827 ut
521 2792 609 2842 post
632 2786 775 2827 editum
810 2784 1048 2827 salvatorem
1081 2794 1149 2828 aut
1173 2793 1265 2828 aute
1291 2793 1441 2843 partum
1467 2800 1609 2842 corpus
1636 2801 1722 2829 eum

180 2852 260 2911 ullo
289 2853 546 2895 coniunxisse
577 2853 743 2895 dicatur.

293 2918 404 2963 Haec
423 2921 626 2964 habuimus
648 2935 745 2978 quae
768 2921 867 2978 apud
891 2935 964 2964 uos
987 2922 1171 2964 meditata
1196 2922 1234 2964 in
1261 2936 1396 2965 eorum
1419 2922 1583 2979 gratiam
1611 2924 1722 2967 brevi
1780 2940 1806 2973 c
1829 2953 1860 2984 p.

225 3034 257 3068 5.
282 3035 487 3069 seriberiam
503 3039 579 3077 puto
601 3035 660 3070 καὶ
682 3035 715 3070 ἐν
742 3038 836 3080 τιμῇ.
974 3035 1008 3071 ἐν
1030 3034 1200 3079 μάρτυσιν.

225 3077 258 3114 6.
281 3081 422 3114 Fortem
448 3082 499 3114 Me
516 3091 635 3123 quoque
655 3082 851 3115 scribendum
870 3080 928 3116 καὶ
1019 3081 1048 3116 7.
1075 3077 1230 3118 ἀπολλύει
1252 3085 1320 3117 eod.
1342 3085 1443 3119 Paris.
1467 3087 1538 3119 teste
1558 3086 1695 3119 petavio.
1762 3117 1771 3132 ,
