2020 3276
340 246 524 281 umen
546 245 630 279 mn.
648 245 705 278 ιη.
736 244 846 279 Tou.
865 245 906 279 ιι.
943 244 1098 278 expos,
1122 243 1207 276 rm.
1234 240 1423 277 carnot„
1571 230 1655 272 489

71 324 74 327 ’
113 326 358 371 uniestatem
378 325 647 376 obtinuerunt,
680 324 834 375 horum,
867 324 1039 380 inquam,
1073 324 1273 379 catalogus
1296 323 1342 365 ad
1364 334 1484 378 usque
1506 317 1656 363 Christi

114 394 259 446 demini
283 393 452 437 natalem
476 394 709 451 pei-texitur.
770 391 873 435 Nam
899 393 948 434 ab
971 393 1126 434 Adamo
1148 393 1194 434 ad
1220 391 1415 434 Noemnm
1442 402 1564 445 usque
1588 402 1659 444 ge-

114 462 341 508 nerationes
378 462 617 519 praeteriere
649 462 802 504 decem.
863 459 1046 502 Totidem
1080 475 1103 502 a
1127 459 1284 503 Noe'mo
1318 460 1364 502 ad
1395 459 1654 501 Abraamum.

114 530 180 575 Ab
200 531 275 575 hoe
295 531 344 574 ad
365 529 558 574 Davidem
580 529 701 573 xlv.
763 530 801 572 Α
827 527 978 571 Davide
1008 529 1055 571 ad
1085 529 1352 586 captivitatem
1374 526 1493 570 XIV.
1555 525 1657 568 Hinc

113 600 165 644 ad
186 597 388 644 Christum
410 599 591 642 similiter
606 596 726 641 Xtv.
789 596 1040 654 Colliguntur
1059 597 1108 639 ab
1133 598 1287 639 Adamo
1317 611 1441 652 usque
1471 596 1517 637 ad
1543 592 1658 637 Chri-

113 675 215 713 stum
237 668 516 725 generationes
538 665 658 710 Lxlt
673 698 684 719 ,
718 681 815 723 quae
844 666 1048 709 brevitatis
1070 666 1195 722 gratia
1216 663 1296 707 LX
1319 664 1562 707 solummodo
1585 677 1658 704 nu-

114 743 330 780 merantur.
390 735 494 779 Nam
528 743 568 778 et
601 735 641 778 in
672 735 883 778 solitudine
914 750 1000 777 cum
1029 733 1196 777 Lxxn
1232 734 1443 791 palmarum
1474 732 1864 781 caudicesssxoelsm.

115 806 269 858 forent,
309 803 435 848 Lxx
465 811 613 847 tantum
641 804 835 861 scriptura
871 804 1119 846 memoravit.
1191 801 1250 844 lta
1284 817 1370 844 cum
1404 802 1451 844 ad
1487 778 1865 843 montemnm'u'n‘

112 872 239 918 LXX
261 874 393 917 vocati
414 873 602 925 fuissent,
643 872 919 915 accedentibus
944 870 1041 914 Elad
1064 879 1105 914 et
1126 870 1274 914 Modad
1295 868 1462 913 Lxxtl
1483 877 1575 912 sunt
1596 883 1660 911 re-

114 943 231 1001 perti.
289 940 506 985 Praeterea
531 956 616 984 cum
639 939 806 984 Lxxtl
833 939 1061 983 Ptolemaeo
1087 948 1278 997 regnante
1298 953 1435 981 sacros
1458 939 1579 981 libros
1600 939 1659 979 in-

113 1011 318 1069 terpretati
338 1011 434 1063 sint,
467 1025 540 1052 nos
563 1017 693 1052 tamen
713 1010 931 1066 compendii
954 1009 1079 1065 gratia
1101 1007 1224 1052 LXX
1250 1008 1423 1050 virorum
1450 1008 1660 1049 editionem

112 1079 318 1123 nominare
348 1079 641 1122 consuevimus.
713 1077 781 1121 Sic
812 1085 852 1120 et
881 1076 1007 1120 LXX
1038 1079 1154 1120 modo
1187 1078 1349 1134 reginae
1383 1091 1469 1118 mea
1506 1077 1659 1132 quidem

113 1147 310 1193 sententia
327 1154 655 1191 commemoratae
676 1155 784 1200 sunt,
818 1154 859 1190 ut
883 1147 1076 1189 extremis
1099 1146 1292 1202 utrimque
1321 1145 1485 1188 sublatis
1510 1145 1660 1187 medius

113 1216 178 1260 ille
201 1216 488 1272 sexagenarius
507 1216 554 1257 ad
578 1216 740 1271 figuram
765 1223 804 1258 et
826 1215 1034 1272 imaginem
1057 1230 1103 1258 ac
1126 1216 1340 1272 perfectam
1366 1213 1662 1269 contemplatio-

114 1299 203 1328 nem
237 1284 479 1328 evellendam
511 1291 755 1341 superesset.
829 1281 948 1326 Senis
977 1285 1117 1340 quippe
1150 1283 1362 1326 decadibus
1395 1296 1470 1324 sex
1512 1283 1660 1324 dierum

113 1353 302 1396 circuitus
322 1353 562 1405 absolvitur,
604 1359 647 1395 ut
665 1359 888 1394 sanctarum
909 1353 1150 1404 animarum,
1194 1367 1294 1409 quae
1328 1367 1380 1394 ex
1416 1352 1489 1393 lide
1521 1352 1559 1392 in
1588 1351 1662 1392 deo

113 1429 303 1480 regnant,
336 1422 403 1464 lint
422 1435 476 1464 ex
499 1421 668 1477 qualibet
691 1421 949 1478 generatione
969 1421 1207 1463 coniunctio.
1270 1419 1383 1464 Unde
1414 1427 1454 1462 et
1484 1433 1561 1462 sex
1590 1419 1660 1476 hy·
1686 1433 1789 1462 rosan.
1806 1433 1834 1462 a.

113 1490 225 1533 driae
244 1487 382 1533 Canae
415 1491 455 1532 in
481 1488 658 1532 Galilaea
683 1490 859 1546 lapideae
894 1490 1014 1532 fuisse
1049 1489 1252 1543 dicuntur,
1286 1503 1386 1546 quae
1416 1504 1502 1532 cum
1529 1496 1665 1531 essent

113 1560 356 1612 exhaustae,
389 1572 528 1601 rursus
555 1558 790 1615 implentur,
823 1558 1001 1615 singulae
1026 1565 1213 1600 metretas
1235 1559 1331 1600 duas
1354 1565 1487 1601 tresve
1507 1558 1664 1614 capien-

114 1634 191 1682 tes,
224 1627 288 1684 qui
310 1628 448 1670 modus
467 1627 514 1669 ad
541 1634 654 1669 vetus
677 1641 899 1683 novumque
923 1634 1196 1669 testamentum
1220 1634 1257 1669 et
1284 1626 1468 1669 trinitatis
1493 1626 1662 1682 comple-

114 1703 286 1740 mentum
311 1697 500 1740 rel'ertur.
563 1694 735 1738 Eaedem
762 1711 881 1753 porro
908 1696 1069 1753 hydriae
1091 1709 1145 1737 ex
1160 1709 1265 1758 aqua
1288 1696 1327 1738 in
1353 1710 1502 1738 merum
1530 1696 1662 1737 vinum

114 1778 333 1810 conversae
355 1771 470 1817 sunt,
512 1779 597 1806 cum
624 1765 671 1806 ad
699 1765 920 1821 nuptiarum
948 1764 1182 1806 hilaritatem
1208 1772 1248 1806 et
1278 1764 1442 1806 filiorum
1466 1764 1663 1806 hominum

115 1832 414 1877 oblectationem
435 1833 617 1890 impletae
640 1832 822 1875 fuissent.
888 1832 988 1875 Hinc
1021 1833 1136 1875 etiam
1160 1833 1376 1889 sexangula
1401 1847 1423 1874 a
1451 1833 1665 1875 mathema·

116 1901 206 1944 tieis
227 1901 353 1959 figura
374 1902 613 1954 nominatur,
646 1916 746 1958 quae
770 1916 840 1959 per
864 1901 1077 1944 ternarium
1104 1902 1446 1958 septenariumqne
1468 1902 1515 1943 ad
1537 1899 1661 1943 XXl.

117 1970 355 2027 geometrica
385 1970 647 2013 modulatione
671 1970 910 2027 perducitur.
975 1968 1063 2025 Qua
1098 1971 1253 2026 quidem
1289 1971 1520 2026 hexagonus
1545 1970 1665 2012 totius

117 2037 388 2081 universitatis
427 2038 623 2095 impletam
664 2039 886 2082 vastitatem
927 2038 1134 2094 significat.
1197 2038 1300 2081 Nam
1341 2039 1404 2095 qui
1443 2040 1482 2081 in
1523 2053 1572 2081 eo
1604 2045 1667 2081 est.

117 2106 407 2164 quadrangulus
431 2107 725 2163 quaternarium
757 2121 986 2159 numerum,
1031 2108 1138 2150 basis
1160 2122 1257 2150 vero
1278 2122 1324 2149 ac
1349 2107 1531 2165 superior
1555 2121 1662 2165 pars,

116 2175 202 2219 sive
234 2174 458 2231 fastigium,
491 2174 689 2218 senarium
721 2176 941 2232 perficiunt.

230 2242 312 2287 Sed
336 2257 386 2286 ne
408 2243 563 2299 longior
585 2243 684 2295 sim,
724 2244 822 2286 satis
848 2244 1038 2287 hactenus
1065 2245 1113 2287 de
1144 2245 1292 2302 reginis
1323 2245 1398 2287 illis
1418 2243 1498 2287 LX
1523 2244 1666 2287 dictum
1704 2249 1787 2294 Cap.
1810 2249 1851 2281 v.

117 2312 312 2364 arbitror,
352 2312 425 2354 hoc
457 2319 519 2354 est
537 2311 857 2367 generationibus
878 2327 977 2369 quae
1008 2314 1055 2355 ad
1082 2311 1282 2356 Christum
1311 2327 1434 2369 usque
1458 2327 1667 2355 numeran-

118 2387 198 2425 tur.
257 2379 357 2424 Post
378 2378 581 2423 Christum
602 2394 700 2422 vero
721 2381 768 2422 ad
790 2380 863 2423 hoc
888 2388 1041 2438 tempus
1065 2389 1161 2437 quot
1180 2382 1459 2437 generationes
1481 2382 1666 2436 deinceps

116 2449 384 2493 successerint
417 2449 525 2491 solus
559 2449 669 2490 novit
705 2449 900 2491 dominus.
962 2448 1054 2492 Non
1085 2450 1189 2491 enim
1220 2450 1385 2507 amplius
1408 2464 1477 2507 per
1499 2463 1666 2504 genera-

117 2518 246 2562 tiones
266 2525 483 2575 temporum
509 2525 569 2558 est
596 2517 644 2558 ab
669 2516 748 2558 ullo
773 2517 936 2559 deducta
963 2518 1190 2573 digestaque
1213 2518 1363 2569 series,
1398 2532 1467 2573 pro
1490 2532 1539 2560 eo
1563 2518 1665 2573 quod

107 2600 306 2630 »numerus
340 2588 416 2629 iste
451 2600 521 2643 per
550 2585 655 2627 illam
676 2586 798 2642 ipsam
828 2585 1053 2641 reginarum
1085 2588 1444 2637 enumerationem,
1493 2600 1592 2641 quae
1617 2586 1666 2627 ad

119 2653 320 2699 Christum
345 2655 542 2697 dominum
567 2661 851 2704 recensentur,
895 2654 1001 2696 velut
1023 2653 1253 2710 obsignatus
1283 2668 1330 2696 ac
1355 2655 1564 2697 conclusus
1588 2661 1664 2697 est.

117 2722 221 2767 Nam
249 2724 312 2780 qui
334 2724 576 2780 postmodum
609 2723 781 2764 extitere
806 2721 1020 2777 scriptores
1045 2736 1090 2763 ac
1113 2730 1444 2765 commentatores
1467 2730 1531 2765 aut
1553 2722 1668 2765 chro-

120 2792 252 2848 nologi
274 2792 335 2833 vel
359 2792 533 2834 historici
555 2791 679 2833 nullas
703 2791 868 2846 amplius
887 2791 1166 2845 generationes
1185 2798 1407 2842 numerant,
1440 2791 1508 2833 sed
1531 2805 1667 2848 regum

118 2859 395 2903 successiones
417 2874 463 2903 ac
486 2867 661 2917 tempora
675 2891 686 2910 ,
720 2872 883 2915 quorum
904 2858 1130 2914 singillatim
1152 2873 1277 2901 annos
1300 2859 1539 2902 describunt.
1602 2858 1668 2903 Ex

120 2961 255 2991 σαντας.
276 2954 421 2993 quanvis
441 2954 624 2994 interposito
641 2953 799 2993 particula
821 2949 872 2990 δὲ,
967 2950 1045 2983 Cn».
1063 2950 1103 2983 V.
1134 2968 1174 2975 —
1225 2951 1253 2984 1.
1280 2949 1444 2995 ἔγνωσται
1472 2948 1566 2996 μόνῳ
1597 2954 1666 2986 eod.

119 2997 164 3030 ed
186 2995 292 3041 λέγειν
314 2999 440 3030 verbum
461 3008 525 3031 unu
547 3008 611 3031 esse
632 2998 869 3030 adstruendum.
919 2997 1047 3037 Rhedt'y.

165 3042 196 3075 5.
220 3042 337 3081 ..naec
359 3042 478 3075 leviter
499 3042 704 3087 depravutn“
734 3045 767 3075 tn
786 3052 871 3075 mar·
963 3045 994 3076 2.
1019 3043 1104 3076 Libri
1127 3043 1220 3084 vulyo
1241 3039 1486 3088 ἱστορογράφοι.

120 3089 190 3129 utne
212 3089 379 3131 adscripsit
402 3090 560 3123 Pelom'us.
