1976 3262
444 216 623 251 mnam!
649 217 730 250 un.
750 217 807 250 ΙΙΙ.
831 216 941 249 ΤΟΜ.
965 217 990 249 Ι.
1015 215 1146 250 mun.
1174 214 1319 248 Lxxn.
1598 203 1653 244 55

221 295 407 341 Ceterum
441 311 490 339 an
522 295 674 338 libellus
706 295 780 336 iste
813 301 922 336 recte
953 308 997 335 se
1029 294 1192 346 habeat,
1237 307 1387 345 necne,
1431 292 1566 347 legant
1588 290 1654 346 qui
1678 289 1759 334 Cap.
1779 288 1836 322 W·

18 394 27 400 -
108 372 294 425 possunt,
339 365 463 422 etqui
485 371 674 425 exactam
700 376 838 405 eorum
871 375 971 418 quae
996 362 1034 403 in
1061 376 1110 403 eo
1137 362 1283 418 scripta
1312 368 1403 404 sunt
1434 359 1656 415 intelligen-

108 435 203 481 tia-
236 433 385 478 bebem
414 426 579 491 possunt
615 431 753 488 ecquid
787 429 829 472 in
859 444 908 471 eo
942 429 1026 471 vitii
1061 430 1114 471 sit
1148 430 1335 471 iudicent.
1403 427 1515 470 Nihil
1549 427 1654 470 enim

107 504 379 565 ξηαπςιιιιιι
410 500 511 558 quod
546 499 692 542 scimus
723 506 763 541 et
789 498 838 541 ad
861 512 933 540 nos
967 496 1157 554 perlatum
1191 505 1252 539 est
1280 510 1514 539 asseverare
1544 495 1655 538 volu-

106 573 210 650 qus.
267 569 333 613 'Ac
354 568 447 612 licet
469 567 596 611 nibil'
586 582 625 610 ιιι
650 582 698 609 eo
725 566 857 609 libello
883 580 960 608 non
990 572 1138 607 castum
1173 579 1218 607 ac
1242 565 1437 607 sincerum
1472 564 1547 616 sit,
1591 563 1657 606 vel

107 629 163 684 'e'x
180 638 268 700 ipso
295 636 545 682 nihilominus
572 643 804 691 argumento
830 634 894 691 qui
920 634 1022 676 hunc
1048 634 1183 688 legunt
1205 640 1272 674 aut
1295 633 1455 675 audiunt
1479 632 1655 688 cogitare

107 695 253 753 lubeat
273 721 352 750 non
374 706 519 749 trustra
542 718 614 747 nec
637 710 786 746 temere
808 703 856 745 ad
884 702 983 744 hanc
1007 701 1113 743 illum
1137 701 1371 743 defendendi
1397 702 1456 742 sui
1481 700 1656 743 necessi-

107 781 228 820 tete·
248 781 457 818 venturum
484 772 604 816 ruisse
633 772 707 814 nisi
740 771 925 813 nonnulla
958 770 1186 827 protulisset
1220 783 1318 825 quae
1351 769 1551 810 turbarum
1585 768 1656 811 ali-

141 832 181 855 ’ὁ
217 843 488 895 excitassent,
531 848 571 883 et
592 855 641 882 eo
666 840 860 882 bominem
895 838 1156 881 adduxissent
1177 844 1220 880 ιιι
1240 837 1431 879 dictorum
1458 838 1656 879 reddenda

106 906 210 958 ratio
241 910 459 956 videretur.
520 907 678 951 Etenim
702 908 785 950 lieri
808 907 900 950 illud
925 906 1049 963 potuit
1072 913 1113 948 ιιι
1137 914 1225 963 post
1246 919 1422 948 errorem
1448 919 1518 961 per
1545 905 1656 947 libel-

30 1022 42 1034 ·
109 976 189 1024 Ιώ
204 974 537 1024 ’.ἶωοάσιιειι-ει
559 992 606 1020 ac
635 976 877 1033 corrigeret,
921 982 989 1018 aut
1011 982 1052 1017 ut
1074 975 1211 1016 eodem
1244 974 1310 1016 illo
1338 973 1469 1015 libello
1494 973 1547 1014 ita
1570 987 1656 1015 ser-

110 1039 290 1093 ·onian
310 1046 396 1090 suis
418 1047 547 1090 fucum
582 1048 751 1098 iaceret,
792 1051 835 1087 ιιι
859 1058 958 1101 quae
989 1050 1103 1085 antea
1136 1043 1304 1085 dixisset
1333 1042 1514 1084 consulto
1542 1042 1657 1083 dissi-

108 1117 297 1167 nutaret,
329 1128 379 1159 ne
400 1115 439 1158 in
460 1114 635 1157 ordinem
658 1113 927 1170 redigeretur,
974 1111 1023 1154 ab
1049 1111 1244 1154 communi
1268 1111 1539 1167 episcoporum
1562 1125 1657 1152 con-

109 1198 226 1230 sessu
258 1191 300 1227 et
328 1197 479 1225 canone
510 1182 725 1240 depositus.
794 1179 1016 1237 Utcumque
1048 1194 1093 1222 se
1122 1194 1188 1222 res
1217 1179 1382 1230 habeat,
1431 1179 1529 1221 haec
1565 1185 1658 1221 sunt

110 1266 213 1314 ςιιφ
230 1252 280 1296 de
298 1248 493 1295 Marcello
514 1264 743 1307 comparare
765 1249 975 1306 potuimus.
1036 1246 1098 1291 De
1122 1263 1199 1304 quo
1221 1263 1309 1290 cum
1331 1247 1540 1303 aliquando
1562 1246 1656 1288 bea-

108 1319 191 1367 tnn‘
210 1323 347 1383 pipam
371 1317 633 1361 Athanasium
656 1318 992 1373 interrogassem,
1025 1317 1244 1359 cuiusmodi
1264 1330 1353 1358 eum
1376 1315 1655 1368 arbitraretur,
1688 1334 1697 1343 ·

105 1378 180 1436 ille
193 1401 320 1446 neque
343 1387 525 1445 purgavit
545 1386 765 1438 hominem,
798 1400 924 1442 neque
944 1400 1041 1429 vero
1064 1386 1243 1442 asperius
1262 1383 1435 1436 notavit,
1467 1384 1536 1426 sed
1559 1384 1658 1425 leni·

107 1465 170 1503 tet·
186 1457 391 1507 arridens,
435 1469 513 1497 non
545 1455 704 1497 multum
728 1454 775 1496 ab
801 1453 1048 1510 improbitate
1078 1453 1331 1496 abhorruisse
1360 1452 1596 1509 significavit
1616 1458 1656 1494 et

105 1525 148 1571 ἰ·
177 1538 314 1570 eom
344 1523 434 1567 loeo
463 1524 527 1580 qui
558 1537 602 1566 se
633 1530 865 1580 purgassent
894 1522 1042 1565 habuit.

217 1591 339 1637 Libet
359 1599 490 1636 sutem
509 1591 572 1634 hic
598 1606 644 1633 ea
666 1591 863 1634 subiicere
888 1605 988 1652 quae
1008 1591 1048 1636 in
1071 1588 1250 1632 Marcelli
1275 1589 1432 1646 scriptis
1451 1603 1474 1630 a
1496 1588 1656 1643 quibus-

105 1662 194 1707 da·
220 1661 433 1706 observata
468 1667 583 1712 sunt,
630 1673 727 1717 quae
751 1660 814 1702 isti
839 1658 1159 1716 reprehendenda
1186 1664 1447 1715 putaverunt3
1491 1657 1595 1700 unde
1618 1663 1658 1699 et

104 1727 147 1774 in
180 1730 348 1774 eundem
384 1730 530 1772 invecti
565 1729 791 1770 confutandi
829 1727 957 1785 gratia
987 1728 1245 1784 scripserunt.
1308 1724 1555 1782 Quamquam
1591 1726 1660 1768 alii

105 1812 176 1857 pro
195 1812 245 1843 eo
263 1797 367 1856 qnod
390 1797 455 1855 qui
477 1797 667 1840 adversus
689 1796 795 1839 illum
817 1795 1067 1839 commentati
1091 1802 1183 1838 sunt
1205 1802 1340 1851 postea
1365 1794 1585 1836 contrarias
1607 1795 1655 1836 ad

105 1873 237 1925 portes
266 1865 544 1918 desciverunt,
589 1865 726 1908 horum
754 1865 929 1923 ipsorum
953 1864 1248 1907 lucubrationes
1270 1863 1442 1906 refutare
1475 1862 1657 1918 aggressi

105 1940 214 1980 ιιιιιι.
274 1933 320 1978 Ῑιι
340 1933 479 1993 quibus
513 1933 692 1990 vulgatas
712 1933 800 1976 inas
822 1933 1038 1976 divisiones
1063 1932 1250 1974 Acacium
1275 1932 1381 1973 inter
1403 1939 1443 1973 et
1464 1929 1655 1973 Basiliam

105 2001 288 2049 Galatam
318 2009 359 2045 et
388 2001 603 2059 Georgium
631 2000 900 2044 Laodicenum
935 2001 1130 2043 refutandi
1157 2000 1295 2043 Aeacii
1327 2014 1468 2042 caussa
1500 1999 1656 2054 scriptis

107 2072 354 2116 nudarunt.
427 2069 597 2112 Hic-est
633 2070 736 2113 enim
768 2071 833 2113 ille
863 2070 927 2126 qui
957 2068 1194 2112 Marcellum
1228 2063 1513 2125 ex'ipsiusmet
1544 2067 1656 2109 libris

109 2139 302 2199 coarguit.
374 2137 490 2196 Quae
531 2152 604 2181 nos
641 2138 730 2181 ideo
765 2138 1062 2196 proposuimus,
1111 2151 1159 2179 ne
1197 2137 1404 2179 veritatem
1439 2136 1567 2192 aliqua
1602 2149 1657 2178 ex

107 2215 219 2268 parte
251 2207 504 2266 praeteriisse
540 2207 754 2250 videamur.
818 2205 1013 2262 Quoniam
1049 2220 1176 2262 neque
1209 2206 1256 2247 de
1287 2205 1563 2247 emendatione
1588 2204 1656 2246 de-

109 2290 339 2337 speremus,
371 2290 455 2328 ⁴nec
480 2275 528 2317 iis
555 2276 739 2318 assentiri
764 2275 944 2318 volumus
965 2275 1029 2331 qui
1052 2281 1260 2330 utcumque
1292 2289 1314 2315 a
1338 2273 1507 2317 veritate
1530 2273 1656 2315 disce-

107 2344 218 2390 dunt.
277 2342 392 2403 Quae
425 2350 644 2399 sequuntur
674 2343 794 2399 igitur
826 2356 880 2386 ex
898 2342 1038 2386 Aeacii
1074 2342 1357 2386 commentario
1383 2349 1521 2383 contra
1544 2338 1656 2383 Mar-

106 2412 247 2459 cellum
275 2412 563 2471 excerpsimus.

107 2550 195 2587 eh
216 2550 305 2585 ineu·
326 2556 362 2583 et
379 2547 534 2583 Basiliam
559 2548 711 2582 Galatam
735 2554 769 2581 et
789 2548 854 2581 Ge·
900 2554 1018 2582 contra
1042 2548 1146 2582 factas
1173 2547 1227 2581 div
1229 2547 1351 2581 isionae
1375 2547 1473 2580 etiarn
1495 2546 1561 2580 hoc
1593 2558 1653 2580 ex·

268 2593 494 2630 hodienum
528 2601 622 2629 ortae
654 2600 783 2631 essent.
821 2593 856 2627 in
902 2602 1110 2647 pne-erunt.
1148 2594 1313 2638 producto
1345 2592 1378 2625 in
1399 2593 1543 2626 medium
1567 2597 1654 2626 Acu-

24 2666 26 2671 »
106 2653 176 2681 sun
207 2642 357 2695 ἰμωιιιιι
385 2641 474 2686 sor-ip
474 2640 515 2674 tis
546 2640 589 2674 sd
619 2638 859 2673 confutandum
904 2639 966 2674 cio.
1002 2639 1069 2673 Sed
1086 2647 1120 2673 et
1139 2638 1355 2672 BasiliumGu
1358 2638 1469 2677 latam.
1491 2645 1525 2671 et
1548 2638 1655 2672 Geor·

108 2685 266 2722 sendum
285 2686 336 2720 mi
356 2691 443 2719 sont.
491 2687 662 2720 emortus
679 2688 770 2719 vertit
788 2685 859 2717 ve-
904 2684 992 2730 ginm
1014 2684 1223 2718 Laodicneae
1244 2684 1436 2736 episcopum
1466 2683 1654 2717 coustitue-

200 2732 244 2767 eb
266 2730 340 2766 otii·
362 2742 490 2765 rursm
512 2730 774 2765 demonstratum
797 2736 860 2769 est,
904 2737 983 2764 runt
1002 2730 1045 2763 nd
1060 2730 1200 2763 eundem
1217 2729 1398 2762 Aeaciumr
1382 2729 1656 2774 Medus-gundum

237 2776 458 2831 redarguendi
493 2778 600 2821 gutia
636 2776 862 2827 produxerunt
950 2775 982 2810 3.
1005 2772 1345 2816 ἄπισνντάξιιςοοάἀ.
1360 2785 1434 2808 mss.
1450 2777 1539 2810 sted-
1553 2778 1653 2818 princ.

276 2822 320 2856 ιΙι
337 2833 348 2855 ι
388 2833 418 2856 ιι
436 2829 552 2856 eontra
570 2821 660 2855 illum
681 2833 778 2865 comp
780 2832 827 2854 osu
819 2821 864 2854 its
907 2817 1203 2861 ἄντισυντάξαντας
1225 2822 1273 2853 ed.
1297 2821 1405 2854 Peaew.

386 2867 449 2914 ipsa
439 2867 523 2912 qui
541 2874 657 2902 contra
670 2833 778 2900 illump
779 2865 858 2899 scri-
954 2867 986 2900 4.
1010 2865 1191 2910 γενομένας
1204 2867 1295 2901 codd.
1309 2875 1382 2900 nu·
1400 2870 1536 2909 umus.
1561 2867 1655 2910 λεγο·

249 2914 444 3004 ...25:⁸3
399 2879 698 3003 μὲἣρὲἳῖἑῖ
716 2912 859 3003 ‘5333
904 2911 1007 2956 ’ὡς
1027 2913 1111 2945 “¹⁴“

108 2642 264 2905 .ἱῖ

107 2875 246 3006 {l}

1693 1584 1773 1630 Cap.
1796 1584 1838 1619 V.
