2020 3276
389 199 571 234 rammi
594 198 750 233 uum.
775 199 887 233 Tou.
901 198 927 232 l.
949 197 1084 232 natu.
1106 197 1264 231 Lxxvt.
1514 183 1597 227 235

53 279 319 327 σώσω
378 276 481 324 Cum
515 277 618 320 enim
646 277 886 320 necessariis
906 278 944 319 in
970 277 1087 320 rebus
1110 292 1156 320 ac
1179 277 1253 319 deo
1273 273 1599 319 convenientibus

48 347 284 399 &fiilo-
321 347 422 390 huuc
458 354 499 389 et
529 346 775 404 inequalem
810 345 848 387 ei
880 359 994 401 quem
1027 344 1165 401 genuit
1196 344 1437 396 constituas,
1483 343 1598 399 idque

54 422 202 476 *a
219 430 318 461 aue
334 429 507 468 vcurere,
549 415 619 458 sed
647 415 743 457 l'alsa
773 414 939 470 quadam
961 413 1118 470 pietatis
1139 413 1271 469 specie
1294 413 1521 467 contingere
1542 409 1602 453 vi·

47 487 200 539 =Rin,
230 485 272 528 ia
293 485 368 528 boe
389 484 475 542 ipso
497 490 651 536 tamen,
683 483 783 539 quod
805 483 880 524 deo
901 481 1213 538 indignissimum
1234 489 1320 533 est,
1352 482 1401 522 iis
1423 494 1525 536 quae
1545 477 1603 522 di-

48 554 260 601 “vindme-
290 553 377 596 eius
401 552 559 595 minime
585 552 727 594 decent
748 550 914 593 similem
941 550 1161 606 praedicas.
1225 548 1407 605 lnprimis
1437 549 1542 590 euim
1563 546 1604 589 iu

51 623 258 675 maha:
276 622 329 665 tle
350 622 427 664 deo
444 620 707 677 cogitationes
729 633 821 662 sese
849 619 1094 661 committere
1122 617 1355 674 impietatis,
1395 617 1457 658 vel
1484 616 1605 659 l'urio-

53 694 129 736 oee
145 690 276 749 potius
296 690 441 733 mentis
459 689 526 732 ille
549 690 699 731 fructus
721 695 798 730 est.
841 686 946 730 Nam
969 701 1055 729 cum
1075 686 1171 728 baec
1191 700 1375 742 usurpas,
1401 685 1462 727 sui
1483 685 1604 741 ipsius

51 772 150 806 m
172 773 379 812 eam,
420 764 488 800 aut
517 758 601 815 ipse
633 756 708 799 sibi
739 763 782 798 ut
811 763 919 799 esset
947 755 1187 806 contulisse,
1233 761 1397 810 utraque
1429 753 1495 795 illa
1516 767 1606 810 pes-

52 829 159 878 m·-
187 827 414 886 suspicione
437 826 684 882 temetipsum
709 824 936 876 confixisti3
977 838 1064 867 cum
1088 824 1125 865 id
1152 823 1200 865 de
1224 823 1299 864 deo
1322 822 1429 864 velut
1448 822 1607 879 palpan-

54 898 111 943 a·
130 896 388 942 aesc-tando
407 894 634 953 perquisisti
672 894 992 950 quemadmodum
1026 891 1168 944 suerit,
1211 900 1432 934 utrumnam
1452 904 1609 947 semper

52 964 263 1020 enituit,
302 979 351 1008 ac
370 978 463 1007 uum
485 963 559 1006 sibi
582 963 656 1020 ipsi
685 970 727 1004 ut
745 969 854 1004 esset
873 961 1079 1014 tribuerit,
1125 975 1173 1003 an
1198 975 1292 1003 casu
1314 959 1406 1002 illud
1429 959 1607 1000 obtinue-

56 1035 161 1079 rit·-
183 1032 381 1090 &uidem
410 1047 490 1075 uon
519 1032 607 1074 siue
635 1038 742 1073 metu
770 1031 938 1087 quodam
968 1037 1009 1071 et
1029 1030 1194 1072 horrore
1216 1029 1407 1086 meipsum
1431 1034 1537 1070 tuum
1559 1027 1606 1069 ad

59 1102 157 1149 itt-d
187 1101 400 1160 pessimum
432 1107 704 1156 argumentum
737 1099 1005 1141 accommodo.
1067 1096 1149 1141 Fae
1184 1098 1316 1154 itaque
1347 1097 1529 1147 modum,
1575 1096 1610 1139 si

60 1178 200 1229 petes,
240 1177 286 1215 ιι
309 1176 353 1212 et.
369 1168 445 1226 ipsi
466 1169 598 1211 faeere
619 1167 838 1224 possimus,
881 1167 1021 1224 quibus
1049 1166 1235 1209 idoneum
1259 1167 1351 1208 illud
1379 1180 1426 1207 ac
1449 1164 1609 1220 religio-

54 1247 150 1285 s-
168 1237 347 1290 videtur,
389 1239 505 1280 deum
527 1250 685 1293 semper
703 1236 926 1292 intelligere
946 1250 993 1278 ae
1013 1250 1171 1292 semper
1189 1236 1296 1278 illum
1318 1234 1502 1277 extitisse
1524 1247 1610 1275 cre-

59 1308 172 1352 dere.
233 1305 280 1350 lu
314 1320 394 1363 quo
426 1305 580 1363 quidem
614 1304 757 1347 stolide
794 1305 946 1346 loeutus
989 1318 1035 1347 ac
1066 1304 1347 1355 ratiocinatus,
1390 1302 1504 1360 quasi
1536 1302 1611 1344 deo

60 1376 252 1420 Βοιατ-
281 1375 496 1418 maximum
531 1373 721 1425 haberes,
765 1372 899 1415 dixisti
934 1386 1006 1414 nee
1032 1373 1155 1428 ipsum
1179 1373 1255 1415 sibi
1277 1379 1319 1415 ut
1342 1378 1451 1414 esset
1474 1378 1611 1412 contu·

58 1444 173 1488 lisso.
234 1442 410 1495 Verum,
441 1442 476 1485 si
500 1443 679 1498 quidem,
712 1450 754 1483 ut
778 1442 976 1492 instituis,
1009 1455 1032 1483 a
1055 1441 1290 1485 dictionibus
1309 1448 1351 1483 et
1371 1439 1612 1497 syllogismis

59 1513 207 1570 pendet
223 1512 314 1555 ndei
335 1511 468 1563 salus,
510 1524 612 1567 quae
637 1510 675 1551 iu
707 1509 850 1551 infimis
879 1509 1189 1565 miserrimisque
1219 1509 1452 1566 corporibus
1484 1508 1613 1550 simile

59 1580 207 1638 utiq-u
227 1581 316 1624 eius
336 1579 438 1636 quod
460 1592 600 1621 narras
630 1578 799 1621 inveniri
827 1585 979 1635 potest,
1026 1593 1099 1620 nec
1119 1586 1340 1621 creatarum
1374 1577 1530 1633 quidem
1548 1589 1612 1618 re·

59 1663 148 1693 n-
170 1649 249 1695 ΙΙΙ.
270 1647 540 1704 suimetipsius
561 1661 703 1690 caussa
726 1654 810 1699 est,
843 1654 910 1689 aut
931 1661 953 1688 a
972 1646 1104 1703 seipsa
1132 1653 1175 1689 ut
1196 1653 1305 1688 esset
1325 1645 1515 1697 obtinuit,
1556 1644 1613 1686 id-

59 1723 163 1775 que,
203 1717 239 1760 si
264 1732 288 1760 a
310 1716 449 1760 bestiis
476 1716 524 1758 ad
549 1715 752 1768 homiues,
798 1722 838 1756 et
862 1715 911 1757 ab
934 1715 982 1756 iis
1005 1717 1051 1757 ad
1081 1716 1245 1771 angelos
1271 1715 1451 1771 progredi
1477 1714 1613 1756 volue-

61 1786 145 1840 ds,
187 1800 326 1830 verum
349 1799 441 1829 esse
460 1784 697 1841 comperies.
755 1783 869 1826 Nihil
893 1783 997 1825 enim
1024 1798 1159 1827 eorum
1182 1798 1282 1840 quae
1304 1784 1405 1826 lacta
1428 1789 1521 1826 sunt
1539 1781 1615 1824 sibi

58 1863 110 1901 ιι
130 1855 327 1900 uittam
354 1853 577 1906 concessit,
621 1853 691 1895 sed
721 1852 771 1894 ab
802 1867 850 1894 eo
881 1853 967 1894 solo
1001 1853 1104 1909 quod
1142 1860 1206 1894 est
1235 1851 1431 1895 existendi
1463 1851 1614 1892 initium

60 1923 231 1981 aceepit.
290 1921 558 1979 Quamobrem
579 1935 676 1964 eave
700 1921 892 1964 eiusmodi
916 1921 1157 1972 rationibus,
1199 1921 1338 1978 quibus
1358 1927 1497 1977 argute
1521 1934 1616 1961 cou-

63 1993 225 2036 chetei-0
260 1997 341 2034 tete
378 1999 516 2048 putas,
561 1990 609 2031 ad
639 1990 676 2032 id
702 1991 804 2046 quod
837 1990 963 2032 maius
995 2004 1042 2032 ac
1067 1989 1332 2047 praestantius
1366 1997 1429 2031 est
1463 1996 1619 2045 praeter

65 2068 244 2105 mum
277 2067 316 2102 te
347 2073 396 2102 ac
427 2058 622 2101 violenter
652 2059 862 2101 extendas.
926 2057 1012 2101 Hoc
1045 2059 1148 2100 enim
1179 2059 1212 2100 si
1245 2058 1411 2110 leceris,
1456 2057 1615 2099 omniuo

63 2128 217 2173 uiribus
243 2128 421 2171 deiectus
456 2127 635 2169 excides.
697 2124 1021 2183 Quandoquidem
1055 2128 1195 2169 unicus
1226 2127 1287 2169 dei
1318 2127 1418 2168 lilius
1441 2125 1619 2182 aequalis

65 2204 152 2250 est,
182 2211 231 2239 ac
249 2195 391 2239 similis
414 2195 488 2237 deo
513 2194 633 2251 patri,
677 2194 769 2237 licet
793 2195 867 2237 boc
888 2195 1088 2251 dignitatis
1113 2195 1277 2248 babeat,
1322 2202 1363 2237 ut
1382 2195 1431 2237 ab
1455 2209 1503 2237 eo
1527 2209 1615 2251 pro·

65 2266 205 2309 duetus
239 2265 292 2308 sit
316 2278 364 2307 ac
387 2263 561 2320 genitus.
623 2261 733 2305 Nihil
759 2264 863 2305 enim
894 2264 943 2306 ob
966 2264 1040 2306 hoc
1069 2263 1194 2320 ipsum
1219 2264 1267 2306 ab
1288 2263 1523 2319 aequalitate
1551 2277 1616 2318 pa·

66 2334 140 2377 tria
158 2332 409 2383 abhorrebit,
443 2332 496 2374 uti
520 2345 593 2373 nee
614 2345 636 2372 a
658 2331 926 2374 similitudine.
988 2331 1091 2375 Nam
1114 2331 1209 2374 nihil
1234 2346 1370 2374 eorum
1394 2344 1494 2387 quae
1516 2332 1617 2372 lacta

66 2408 159 2446 aunt
175 2401 250 2445 sibi
272 2408 315 2444 ut
337 2406 446 2444 esset
469 2399 655 2448 contulit,
689 2400 1010 2455 quemadmodum
1040 2400 1403 2457 praestantissimus
1425 2399 1489 2441 ille
1503 2430 1515 2450 ‚
1560 2405 1618 2439 at·

62 2484 144 2528 que
161 2469 268 2514 omui
288 2483 344 2513 ex
367 2476 476 2526 parte
498 2469 722 2525 perfectus,
754 2467 803 2509 ab
827 2468 933 2510 nullo
954 2468 1105 2511 initium
1129 2468 1220 2510 olim
1245 2468 1400 2519 habuit,
1445 2481 1493 2509 eo
1516 2467 1618 2524 quod

66 2552 265 2595 uunquam
296 2551 387 2581 esse
418 2537 610 2594 coeperit.
670 2534 840 2592 Semper
869 2536 972 2579 enim
1005 2536 1161 2589 extitit,
1206 2535 1420 2591 existitque
1444 2549 1616 2592 semper,

67 2608 224 2651 tametsi
249 2606 288 2649 in
312 2606 517 2649 identitate
541 2612 721 2655 maneat,
764 2618 892 2660 neque
915 2605 988 2647 sibi
1014 2611 1057 2647 ιιι
1077 2611 1187 2648 esset
1216 2604 1412 2646 tribuerit.
1475 2602 1520 2645 lu
1542 2617 1618 2660 quo

64 2688 148 2720 neu
165 2675 374 2731 ambiguae
398 2688 519 2716 voces
542 2672 789 2730 quaerendae
810 2679 928 2725 sunt,
960 2674 1029 2715 sed
1051 2673 1207 2715 sincera
1230 2686 1276 2714 ac
1294 2672 1427 2729 pietati
1451 2685 1619 2714 cousen-

73 2750 191 2787 tauea
222 2742 439 2786 adhibenda
470 2741 752 2785 consideratio.

182 2809 237 2855 ll.
271 2810 501 2863 Praeterea,
534 2810 620 2853 eum
641 2811 699 2853 sic
722 2810 804 2865 ipse
825 2808 1024 2865 disputes,
1058 2807 1174 2864 Quod
1196 2809 1229 2851 si
1256 2808 1329 2865 ipsi
1351 2808 1427 2852 sibi
1445 2816 1488 2853 ut
1509 2817 1617 2853 esset

112 2900 146 2937 8.
189 2903 275 2937 Veris
306 2902 379 2935 Nec
414 2901 555 2936 eontulit
590 2900 722 2947 quidem
753 2899 824 2943 ipae
919 2900 970 2933 10.
995 2900 1117 2942 διῆρε(
1133 2900 1184 2946 τῷ
1202 2909 1261 2942 pro
1281 2898 1351 2942 τοῦ,
1374 2900 1459 2944 quod
1478 2903 1512 2935 in
1532 2902 1621 2935 M

69 2946 133 2981 sibi
156 2954 193 2980 ut
216 2955 316 2986 esset,
340 2958 380 2981 ex
405 2955 460 2981 tna
485 2946 649 2981 sententia
663 2972 672 2986 ,
706 2946 733 2978 si
757 2949 823 2979 eeu.
870 2948 913 2978 est
934 2947 1086 2979 omnibus.

113 2991 148 3028 9.
169 2988 264 3033 ὄντος
282 2994 374 3027 codd.
393 3004 468 3029 mss.
488 2998 518 3028 et
539 2995 613 3027 edu.
631 2995 732 3034 princ.
770 2987 822 3028 ὅν·
918 2990 967 3024 ιι.
992 2992 1027 3024 ln
1047 2993 1134 3025 nuru
1166 2993 1256 3026 aditu
1286 2992 1431 3027 mdccc
1453 2996 1621 3027 matum

71 3048 141 3079 τος
162 3039 235 3072 edit.
260 3040 367 3072 Petav-
868 3039 911 3070 eat
934 3036 982 3083 τῷ
1009 3031 1100 3071 dm..
