2020 3276
365 194 447 236 660
819 201 1036 235 monum
1060 202 1120 236 m·
1144 202 1447 239 coRRIGssNDA.

363 293 396 316 τι
416 281 504 325 (sine
522 280 589 323 δεῖ)
607 281 690 314 Ven.
738 279 926 314 Delendum
947 280 1049 325 igitur
1072 283 1152 327 δεῖ,
1185 282 1276 328 quod
1298 282 1480 317 accrevisse
1504 281 1636 317 videtur
1658 294 1702 319 ex
1722 282 1814 318 finali
1831 283 1905 330 eyi-

363 338 437 371 laba
465 336 557 370 verbi
586 336 825 381 praecedentis.
851 357 895 363 —
941 337 963 370 l.
981 338 1031 372 15.
1068 335 1292 383 ὁμολογήσει,
1329 337 1387 375 ἐὰν
1410 336 1459 384 μή
1487 351 1520 375 τι
1549 337 1662 386 βλέπῃ
1687 340 1773 375 vnn.
1805 341 1905 375 Bene.

363 394 457 427 Idem
481 393 604 427 deinde
626 393 729 427 habet
747 391 767 429 ὁ
787 392 900 438 πατὴρ
920 397 1027 437 ποιεῖ,
1059 406 1088 430 τ.
1109 394 1170 431 καὶ
1189 393 1209 431 ὅ
1229 393 1302 436 υἱὸς
1319 393 1447 440 ὁμοίως
1465 399 1562 431 ποιεῖ.
1609 392 1704 434 Οὐδὲ
1722 395 1790 442 μὴν
1808 396 1905 434 πολί-

363 449 438 494 μιόν
470 462 504 486 τι
526 445 551 495 ἦ
572 448 718 492 ἅντιξουν
747 450 827 496 (sic)
849 452 932 486 Ven.
955 470 998 478 —-
1044 451 1069 486 1.
1089 451 1143 486 21.
1178 452 1278 488 λῦσαι
1309 450 1406 497 μόνον
1436 451 1498 488 καὶ
1525 453 1608 487 Ven.
1629 471 1676 481 —-
1721 453 1814 488 L22.
1840 455 1905 490 Pro

362 506 460 553 ἔσχον
483 507 612 551 corrige
633 506 717 554 ἔχον.
742 527 786 534 -
832 508 854 541 1.
867 508 922 543 23.
949 508 1068 542 venet.
1093 507 1176 542 fecit
1197 521 1272 542 eum
1295 509 1404 553 vulg.,
1427 509 1490 543 nisi
1510 509 1602 555 quod
1622 506 1735 556 ὥςπερ
1753 509 1813 556 δή,
1838 511 1892 547 Gn

360 564 468 598 takeri
488 564 774 606 emendationem,
799 564 918 600 fimat.
942 584 985 591 —-
1031 566 1053 599 l.
1071 563 1125 600 24.
1150 562 1207 601 ἀπ’
1229 563 1334 601 αὐτοῦ
1356 566 1440 600 ven.
1487 566 1582 601 Idem
1599 565 1623 602 l.
1642 567 1698 604 25·
1721 577 1906 610 πιπιστιυφ

362 621 469 665 μένον.
495 641 540 648 -
585 621 608 655 1.
621 620 654 656 4.
675 622 717 656 ab
736 622 799 655 inf.
831 619 1033 667 παντελικῆν
1055 621 1116 658 καὶ
1134 618 1338 667 ἀγενητικῆν
1360 623 1445 657 ven.
1492 623 1588 658 Idem
1605 623 1629 658 1.
1644 622 1680 661 δ.
1700 624 1744 659 ιδ
1762 625 1829 661 inf.
1848 625 1904 660 fe-

318 715 320 719 ·
362 678 409 711 cit
434 690 508 712 curn
530 678 585 713 ed.
606 680 722 714 Petav.
746 698 793 707 —-
835 678 859 712 1.
885 679 943 712 ult.
967 679 999 714 οἱ
1020 678 1076 714 ἐπὶ
1097 678 1223 714 τούτων
1247 679 1310 724 (ite
1331 680 1482 724 restitue)
1503 691 1533 716 τ.
1558 675 1707 726 ἄγγελοι.
1752 678 1907 719 ’Δλλὰοὶ

362 733 422 779 μὲν
446 737 530 769 Ven.
577 736 688 769 Verba
711 736 741 771 οἱ
761 735 817 772 ἐπὶ
837 747 866 772 τ.
885 747 916 772 τ.
940 731 1079 782 ἄγγελοι
1098 735 1329 771 desiderantur
1345 737 1557 772 solummodo
1574 737 1611 772 in
1630 737 1686 773 ed.
1704 739 1821 775 Petu.
1839 739 1906 774 eo·

358 791 426 826 lon.
438 818 451 834 ‚
475 804 544 827 non
567 793 602 826 in
625 793 780 827 Pm'zina.
1611 815 1613 818 ·

1473 882 1478 888 .
1637 864 1659 889 ν

449 897 558 943 Pag-
578 896 683 934 282.
725 895 792 931 1.1.
826 896 976 939 διέταξεν
998 893 1017 932 ὅ
1039 894 1122 936 θεὸς
1140 897 1227 930 ven.
1274 896 1368 931 Idem
1389 897 1412 932 l.
1428 897 1461 932 2.
1483 897 1562 943 περὶ
1579 864 1647 934 τιιῖῑὶν
1671 898 1752 944 (qiu)
1771 898 1904 937 πιιαστ.

359 951 489 998 ἐγένετο
520 953 686 999 διοίκησιν
718 953 807 999 (sine
837 953 1007 1000 articulo).
1030 972 1074 981 --
1130 953 1151 988 l.
1171 951 1203 988 4.
1238 952 1287 994 εἰς
1315 954 1508 999 φιληδονίαν
1539 953 1797 1002 ἐνομιλήσαιιτες
1827 957 1902 1003 θυγ.

358 1011 442 1045 Ven.
490 1010 581 1044 Idem
602 1011 628 1045 l.
641 1010 675 1046 6.
709 1007 749 1047 ἵν’
779 1011 811 1047 οἱ
830 1009 1026 1055 πειθόμενοι
1046 1011 1097 1057 τῷ
1118 1008 1209 1057 λόγῳ
1232 1011 1396 1047 συνοῦσιν.
1420 1031 1466 1038 -
1509 1011 1535 1047 1.
1547 1011 1580 1048 7.
1614 1008 1814 1060 ἀπολάβωσι
1833 1026 1903 1060 paz-7

358 1079 433 1112 καρ.
458 1069 530 1108 Bas
555 1087 596 1094 —
643 1067 665 1101 1.
680 1068 713 1103 8.
751 1068 860 1102 Verba
891 1067 979 1108 Πῶς
1007 1066 1164 1109 ἐξέπεσεν
1194 1066 1234 1103 ἐκ
1255 1080 1285 1103 τ.
1300 1065 1381 1133 ‘ozip-
1403 1066 1423 1105 ὅ
1444 1066 1643 1114 Ὲωςφόρος
1673 1069 1904 1109 desiderentur

357 1125 391 1158 in
413 1127 558 1160 Veneto.
605 1124 698 1158 Idem
718 1124 799 1158 ibid
831 1122 1029 1160 ἀνατέλλων.
1071 1117 1139 1161 Ἦν
1161 1122 1249 1170 μετὰ
1270 1124 1335 1161 τῶν
1366 1123 1517 1171 ἀγγέλων
1537 1122 1725 1166 ἀνατέλλων
1745 1127 1811 1164 τοῦ
1824 1139 1903 1174 φω-

356 1180 433 1224 τὸς,
458 1194 502 1227 ην
523 1183 594 1218 κτλ.
617 1201 662 1208 -
708 1182 798 1217 1.11.
831 1178 989 1217 τάναντία
1016 1183 1100 1215 Ven.
1148 1182 1252 1216 Paulo
1275 1188 1354 1228 post
1382 1183 1524 1228 νεμέσαν
1558 1184 1647 1230 Bes..
1679 1190 1715 1218 et
1727 1183 1903 1233 ἐνμέτρως

355 1241 442 1274 Veu.
464 1260 510 1266 —
554 1239 577 1273 l.
597 1237 648 1274 14.
668 1232 721 1273 Ὠ
739 1240 858 1281 πᾶσιν,
884 1241 948 1275 Ios.
972 1238 1131 1284 Scaliger-i
1154 1239 1443 1281 emendationem,
1468 1252 1556 1274 nuno
1576 1239 1687 1276 firmat
1705 1241 1826 1277 Veneti
1843 1254 1902 1276 au·

356 1297 505 1331 ctoritas.
550 1296 645 1330 Idem
666 1296 750 1329 liber
780 1296 871 1330 delet
901 1296 1001 1330 etiam
1022 1296 1175 1330 voculam
1197 1294 1236 1338 ὅ,
1269 1303 1347 1330 ante
1370 1292 1469 1342 ὄφις,
1505 1309 1590 1343 quae
1608 1297 1736 1344 vulgo·
1724 1310 1760 1333 ιιι
1782 1299 1901 1334 oetem
1938 1296 1947 1302 ’

353 1354 528 1399 reperitur.
543 1372 589 1380 —
634 1353 656 1387 l.
672 1354 724 1387 15.
750 1349 829 1399 ὄφις
849 1365 887 1389 ου
907 1353 957 1388 τῶ
979 1353 1064 1399 (εἷος
1088 1350 1328 1397 vocabulum*
1309 1365 1388 1399 οφις
1407 1354 1457 1389 bia
1479 1353 1641 1390 videtur-⁹
1629 1366 1666 1389 m
1687 1355 1760 1390 eod.
1785 1363 1901 1391 extare

352 1411 529 1456 scripturn)
553 1407 656 1458 βαρῦν
673 1411 758 1445 ven.
782 1430 825 1436 —
870 1410 894 1444 l.
910 1410 966 1445 21.
989 1410 1064 1444 Alia
1084 1422 1200 1444 manus
1210 1436 1223 1452 ,
1246 1418 1280 1444 et
1303 1411 1490 1446 accuratior
1508 1411 1558 1445 uti
1579 1411 1732 1456 videtur,
1754 1419 1900 1448 annota-

355 1468 403 1502 vit
421 1468 618 1513 scripturam
641 1468 762 1501 Veneti
784 1466 884 1504 ἔπισα
904 1465 962 1503 τόν
983 1469 1049 1513 γῆν
1070 1466 1130 1504 καὶ
1148 1468 1216 1503 τῶν
1237 1467 1274 1510 ἐξ
1294 1464 1395 1513 οἷκηρ.
1441 1469 1480 1502 In
1500 1469 1576 1503 Bu.
1593 1469 1717 1515 legitur
1742 1468 1900 1512 ἑπείσατο

351 1527 418 1570 γῆν
430 1551 438 1567 ,
465 1524 524 1560 καὶ
543 1525 610 1560 τῶν
629 1524 666 1567 ἐξ
685 1522 787 1570 α’κηρ.
835 1525 990 1558 Ceterum
1009 1525 1100 1570 quod
1121 1535 1190 1558 non
1207 1521 1392 1561 Ἐπείσατε
1410 1526 1488 1571 γῆν,
1512 1532 1550 1559 ut
1569 1533 1621 1560 eet
1637 1526 1673 1561 in
1694 1526 1748 1562 ed.
1769 1528 1899 1573 Pet-v„

351 1582 412 1615 sed
445 1579 631 1618 Ἐπείσατο
666 1579 730 1625 τήν
762 1582 828 1627 γῆν
863 1588 1036 1616 exaratum
1068 1581 1198 1615 invenis
1236 1594 1297 1628 per
1330 1582 1587 1627 typothetarum
1620 1575 1734 1618 errore
1770 1583 1898 1620 factm

352 1646 415 1673 est.
438 1658 486 1665 —
530 1639 554 1672 l.
571 1636 604 1674 4.
627 1639 668 1673 ab
690 1639 753 1673 inf.
778 1638 839 1675 καὶ
857 1637 1035 1686 χωρισμὸς
1055 1640 1140 1673 Ven.
1156 1659 1204 1666 —
1247 1639 1271 1674 l.
1285 1639 1319 1675 3.
1341 1639 1384 1672 ab
1403 1639 1466 1672 inf.
1490 1638 1588 1677 πάλιν
1606 1638 1671 1687 γὰρ
1689 1638 1794 1682 αὐτὸς
1812 1641 1898 1688 (aine

351 1694 386 1739 ὁ)
410 1698 495 1731 Ven-

440 1755 548 1801 Peg.
564 1753 668 1791 284.
713 1753 734 1787 1.
753 1753 787 1789 8.
821 1751 938 1794 ἐνδοὺς
965 1752 1176 1787 desideratur
1197 1753 1336 1787 solnm‘
1325 1765 1361 1787 m
1381 1753 1436 1788 ed.
1461 1755 1576 1790 Petav.
1601 1754 1743 1798 colon,
1774 1766 1843 1791 non
1858 1754 1896 1790 in

350 1810 507 1864 Parisina.
533 1831 575 1838 -
622 1811 644 1845 l.
662 1811 713 1846 11.
739 1810 877 1855 Corrige
896 1806 978 1847 ουδέ
997 1809 1081 1846 ἐστι.
1105 1830 1151 1836 —-
1196 1808 1286 1845 1.14.
1319 1822 1475 1856 τηρησαν
1493 1811 1558 1855 (εἰσ
1578 1811 1809 1854 scribendum,
1827 1823 1898 1847 non

347 1861 520 1912 τηρῆσαν,
554 1875 589 1901 ιιι
619 1880 724 1913 prave
754 1875 926 1901 exaratum
960 1867 1100 1912 legitur)
1132 1866 1293 1912 λέγεσθαι
1313 1868 1398 1901 ven.
1425 1887 1465 1893 —
1511 1868 1534 1901 I.
1553 1869 1603 1904 18.
1629 1868 1752 1913 κακίας
1771 1869 1898 1914 πολλῆς

347 1926 431 1959 Ven.
483 1925 583 1966 Quod
605 1925 847 1959 restituendum
866 1924 1016 1966 videtur,
1040 1924 1235 1970 praesertim
1256 1936 1330 1958 cum
1350 1925 1451 1958 etiam
1474 1925 1526 1959 ed.
1546 1926 1652 1971 prino,
1666 1938 1753 1967 ,κακ-
1771 1926 1898 1966 ιωλλᾶς

348 1982 531 2026 praebeat,
554 1993 623 2015 non
644 1994 721 2017 κακ.
747 1979 881 2021 πολλᾶς.
906 2000 951 2008 -
996 1981 1019 2014 1.
1038 1981 1089 2016 19.
1114 1979 1171 2016 τὸν
1191 1976 1365 2026 ἄνθρωπον
1384 1980 1563 2027 φαντάζειν
1581 1979 1637 2018 ἀεὶ
1655 1979 1742 2028 πρὸς
1762 1980 1896 2020 ἀδικίαν

349 2038 412 2085 ἔχῃ
439 2040 521 2072 Ven.
570 2041 608 2072 Iu
632 2040 704 2072 Bas.
734 2050 796 2083 pro
820 2038 882 2084 ἔχῃ
907 2044 998 2082 extat
1020 2037 1101 2084 ἔχει.
1149 2038 1232 2072 Cod.
1256 2039 1380 2072 Venet.
1402 2038 1523 2073 deinde
1542 2039 1655 2085 pergit
1675 2038 1755 2080 θεὸς
1773 2037 1794 2078 ὅ
1810 2051 1895 2076 παν-

347 2093 522 2140 τοκράτωρ
553 2093 719 2131 &eavea-ov
743 2093 778 2131 ἐν
802 2093 989 2131 ἐλαττώσει
1020 2094 1255 2140 κεκακωμένον
1287 2095 1323 2139 ἐξ
1346 2095 1526 2143 ἐπιβουλῆς
1554 2097 1614 2133 τοῦ
1636 2092 1794 2144 διαβόλου
1814 2094 1896 2133 ἰδών

349 2148 451 2188 αὐτὸν
470 2151 713 2198 γεγενημένον,
746 2149 808 2187 οὐκ
831 2153 926 2188 εἴασε
948 2153 1147 2198 μεταλαβεῖν
1176 2154 1234 2188 τοῦ
1267 2151 1365 2195 ξύλου
1394 2153 1461 2198 τῆς
1483 2154 1594 2198 ζωῆς,
1627 2150 1715 2190 α’λλά
1731 2152 1895 2198 ἐνέδυσεν

349 2206 451 2245 αὐτόν
479 2221 517 2245 τε
540 2209 601 2245 καὶ
627 2207 691 2254 τὴν
714 2208 856 2254 σύζυγον
879 2204 975 2245 Εὕαν
999 2209 1144 2255 χιτῶνας
1174 2209 1411 2254 δερματίνους,
1442 2211 1503 2246 καὶ
1523 2207 1670 2246 ἀπέλυσε
1689 2211 1748 2246 τοῦ
1771 2209 1895 2256 Παρα-

349 2266 482 2309 δείσου,
517 2266 678 2310 νέκρωσιν
700 2262 817 2306 αὐτοῖς
838 2263 973 2310 ὁρίσας,
1007 2266 1131 2311 λέγων,
1167 2266 1223 2312 Γῆ
1246 2264 1295 2308 εἶ,
1329 2266 1388 2302 καὶ
1409 2265 1460 2307 εἰς
1480 2267 1545 2312 γῆν
1565 2263 1767 2312 α’πελεῦσει,
1801 2262 1896 2308 ὅπως

348 2323 539 2368 καῆαρίσας
558 2324 624 2369 τῆς
653 2322 873 2363 ἐλαττώσεως
896 2322 929 2360 ἐν
949 2321 994 2369 τῇ
1017 2320 1222 2366 ἀναστάσει,
1255 2320 1304 2364 ιιῖς
1333 2319 1470 2366 ἄριστος
1490 2322 1678 2369 κεραμεὺς,
1710 2321 1808 2360 πάλιν
1826 2320 1895 2361 ἀπὸ

348 2381 406 2416 τοῦ
430 2381 514 2417 ἰδίου
532 2378 730 2426 φυράματος
749 2376 829 2416 ἄνευ
850 2379 1070 2421 ἐλαττώσεως
1089 2378 1287 2425 ἀναστήσει.
1334 2378 1582 2426 Προηπόρηται
1603 2379 1644 2418 δὲ
1662 2377 1739 2427 ἤδη
1751 2381 1826 2417 κτλ.
1848 2398 1895 2407 --

349 2438 371 2471 l.
387 2439 444 2474 21.
468 2439 548 2472 Post
571 2435 652 2474 ἰδών
670 2449 796 2482 repone
816 2434 936 2480 αὐτὸν,
972 2437 1064 2483 quod
1082 2437 1243 2472 excidisse
1264 2437 1363 2471 video
1385 2437 1486 2472 etin-
1506 2437 1543 2471 in
1561 2437 1616 2472 ed.
1638 2438 1750 2473 Peter.
1774 2436 1893 2472 nolon.

349 2515 392 2522 —-
415 2495 437 2529 1.
452 2495 508 2531 27.
544 2495 656 2529 Verba
674 2493 867 2539 φράζωμεν
915 2492 1027 2535 Δυτός
1047 2507 1115 2529 nou
1137 2495 1240 2540 magis
1260 2494 1411 2540 agnoscit
1427 2496 1548 2530 Venet.
1571 2506 1672 2545 qm
1688 2505 1782 2540 quae
1789 2481 1892 2539 pun-lo

349 2559 427 2598 post
448 2560 630 2597 sequuntur
644 2548 776 2585 verba‘
757 2564 774 2587 0
788 2550 1059 2596 πρωτόπλαστος
1074 2572 1122 2578 —-
1166 2552 1189 2585 1.
1206 2553 1228 2589 7
1250 2560 1286 2585 et
1304 2551 1337 2587 6.
1359 2552 1402 2587 ab
1418 2552 1482 2587 'mh
1504 2548 1647 2598 m
1663 2550 1893 2598 προανεχθεῖ-

350 2621 411 2645 σαν
435 2606 530 2656 αυτῷ
556 2611 638 2643 Ven.
686 2608 779 2647 Idem
802 2608 825 2642 l.
847 2609 905 2642 ult.
930 2607 1116 2655 φληνάφων
1138 2609 1206 2645 τῶν
1226 2609 1324 2646 τινῶν
1348 2609 1441 2655 (sic).
1523 2631 1537 2641 ι
1560 2622 1639 2652 -χ,

439 2667 547 2714 Pag.
569 2666 672 2703 286.
715 2665 738 2699 l.
766 2666 794 2700 1.
831 2677 1041 2712 προχωρησῃ
1071 2666 1174 2700 habet
1205 2666 1304 2699 etiam
1331 2667 1495 2710 Vem—
1524 2657 1603 2705 1.2.
1624 2651 1776 2710 νοητὰς,
1813 2670 1893 2710 pont

352 2723 500 2768 σάρκας,
532 2735 597 2757 οιιι.
632 2725 715 2758 ven.
761 2722 853 2756 Idem
875 2723 898 2756 1.
917 2724 951 2758 3.
977 2722 1072 2759 κάτω
1104 2720 1386 2769 υποβαλλομένων.
1413 2742 1458 2750 -
1502 2721 1588 2765 Ibid-
1615 2708 1761 2766 'corrige
1783 2733 1893 2764 ουτως

352 2792 409 2820 ως.
433 2800 478 2806 -
521 2780 546 2814 l.
565 2780 599 2815 6.
633 2776 866 2824 ἀποκρίνεται,
903 2777 980 2815 Ουκ
1005 2775 1221 2825 ἀνέγνωτε”
1200 2792 1254 2816 οτι
1274 2781 1358 2814 Ven.
1383 2799 1427 2807 —
1471 2779 1557 2814 [bid.
1582 2777 1694 2814 Verba
1711 2777 1772 2823 καὶ
1789 2775 1892 2821 εἶπεν,

352 2843 430 2880 post
447 2835 596 2880 ἐποίησε,
620 2849 690 2870 non
709 2837 810 2871 habet
831 2838 917 2871 Ven.
938 2856 982 2863 -
1027 2837 1051 2870 l.
1070 2838 1122 2871 10.
1146 2850 1180 2878 0,
1204 2843 1282 2882 post
1302 2833 1487 2882 ἄνθρωπον,
1511 2847 1576 2870 om·
1596 2837 1683 2871 ven.
1706 2853 1752 2861 —
1795 2835 1819 2869 l.
1838 2836 1891 2870 15.

351 2892 614 2937 ἐπισκεψάμενοι
633 2895 718 2927 Ven.
742 2913 788 2920 —
833 2894 856 2927 1.
874 2894 925 2930 17.
959 2895 1111 2928 Praestat
1140 2894 1262 2928 Veneti
1291 2894 1454 2939 seriptum
1483 2889 1548 2929 α’πό
1578 2891 1639 2932 τοῦ
1669 2887 1794 2936 α’λόγου
1823 2891 1891 2929 τῶν

354 2947 460 2990 ζώων.
483 2968 525 2974 -
570 2950 594 2983 l.
609 2951 665 2984 20.
700 2947 841 2987 ἐδύνατο
870 2952 956 2985 ven.
981 2970 1023 2976 —
1070 2950 1093 2984 1.
1107 2950 1163 2986 23.
1197 2948 1397 2986 ἀπέστελλεν
1427 2951 1511 2984 Ven-
1557 2947 1652 2982 Idem
1677 2947 1758 2982 ibid.
1788 2948 1890 2994 paulo

352 3011 431 3048 post
453 3000 546 3048 ἄνξιρ.
563 3003 821 3051 οἷγευστήσαντα
837 3004 1027 3044 ἀποθανεῖν.
1047 3026 1090 3034 -
1135 3007 1160 3041 1.
1171 3005 1227 3042 24.
1251 3006 1338 3052 φαίη
1357 3007 1456 3042 τοῦτο
1473 3006 1559 3040 Ven.
1582 3024 1628 3031 —
1671 3005 1694 3038 l.
1709 3005 1763 3039 25.
1786 3001 1890 3042 ἀσθε-

350 3060 414 3107 νὴς
445 3058 539 3107 αὐτῷ
569 3059 588 3097 ὁ
621 3061 720 3107 λόγος
750 3066 834 3100 Ven.
881 3064 976 3098 Idem
1001 3064 1023 3097 1.
1041 3062 1096 3099 26.
1118 3060 1262 3104 οἷσύετος
1293 3062 1365 3109 (εἰσ)
1389 3062 1448 3098 τοῦ
1478 3062 1653 3107 μέλλοντος
1681 3059 1700 3098 ὅ
1729 3059 1822 3102 5326:-
1846 3078 1889 3088 --
1941 3115 1944 3118 ι
2012 3058 2020 3072 ‘
