2020 3276
424 233 610 267 PANAnn
633 233 719 267 Lm.
737 233 796 267 ln.
818 233 928 267 ΤΟΜ.
947 234 990 267 ΙΙ.
1012 233 1146 267 nan.
1166 234 1340 268 Lxxvn.
1576 224 1657 267 365

117 312 313 359 &st-u
335 312 513 356 homines
538 313 659 356 fuisse
681 313 918 369 eosdemque
939 314 1168 390 corporibus
1190 314 1349 370 perinde
1375 327 1422 356 ae
1442 327 1539 365 nos,
1570 326 1660 355 eor-

114 380 318 440 „ubiles
297 389 380 425 set
402 390 559 439 praeter
581 382 752 424 divinam
775 382 962 438 gloriam,
1006 396 1103 437 quae
1126 382 1166 423 in
1189 382 1266 424 inis
1288 382 1496 435 insidebat,
1527 383 1659 425 incor-

114 456 251 508 aptos
281 450 482 493 extitisse.
543 449 808 506 Quamobrem
834 457 874 492 et
905 450 1043 492 umbra
1066 449 1175 492 Petri
1211 450 1352 492 oblatis
1374 451 1505 507 aegris
1531 450 1657 493 omni·
1676 459 1739 522 2⁶¹-
1757 494 1772 522 ¹
1792 460 1853 530 lis-²

113 517 191 566 bns
217 518 434 562 uninte-
458 519 647 571 eontulit‚
689 525 731 560 et.
758 518 916 560 sudaria
949 532 995 560 ae
1026 519 1269 560 semicinctia
1295 533 1317 560 e
1342 517 1456 561 Pauli
1482 519 1657 562 vestibus
1854 514 1861 520 “

114 586 341 632 unitam
369 587 559 644 quaedam
590 586 767 644 prodigia
797 587 1090 643 praestiterunt.

190 653 333 711 Quid
357 669 455 698 vero
474 656 613 700 attinet
634 655 916 698 homunciones
936 655 1037 697 istos
1058 656 1246 732 quaedam
1277 655 1479 712 subturpia
1505 656 1653 712 eogita—
1725 674 1804 719 0⁸?

113 722 223 767 ns·-
253 724 447 781 fingentes
478 724 518 766 in
550 723 723 767 divinum
757 737 900 766 numen
933 724 1127 766 curiosius
1152 723 1376 780 inquirere,
1409 739 1496 766 eum
1522 725 1569 766 de
1593 724 1653 766 his
1698 720 1823 756 XVffl·

113 791 263 836 udin
269 792 477 850 propbeta
490 792 554 835 vel
588 792 833 848 evangelista
866 792 929 834 vel
955 793 1180 848 apostolus,
1226 793 1288 834 vel
1311 793 1472 835 alterius
1497 793 1657 849 generis

113 859 284 918 κόριον
306 860 506 918 disputare
534 860 607 904 sibi
629 861 895 903 necessarium
917 861 1102 903 duxerit?
1159 859 1376 903 Enimvero
1399 861 1578 917 quiequid
1602 861 1657 904 itti

114 936 300 982 amnt,
347 943 395 971 ee
426 929 519 971 lieet
547 929 698 971 infinita
731 929 808 971 alia
839 937 1043 986 praeterea
1069 929 1164 971 falsa
1190 930 1277 971 sine
1302 930 1486 986 opinione
1509 930 1655 971 eontin-

113 999 232 1054 gant,
268 1010 466 1054 nunquam
498 1004 628 1040 tamen
655 998 834 1040 traditam
855 1012 879 1040 a
904 998 1115 1040 maioribus
1140 998 1286 1040 nostris
1317 998 1455 1050 fidem,
1487 1012 1585 1054 quae
1609 999 1656 1040 de

115 1062 280 1110 Cetium
297 1065 453 1109 sineere
473 1067 603 1108 omnia
625 1067 851 1123 praedicat,
882 1074 1066 1124 poterunt
1085 1074 1284 1109 evertere.
1346 1064 1530 1109 Christus
1552 1067 1655 1109 enim

115 1147 169 1179 ex
192 1131 324 1178 Hes-ie
344 1135 497 1190 virgine
515 1135 729 1177 seeundum
753 1149 911 1178 earnem
934 1149 1076 1178 revera
1110 1136 1158 1177 de
1181 1135 1319 1192 spiritu
1341 1142 1479 1177 saneto
1500 1136 1656 1191 genitus

114 1209 193 1246 αι.
251 1202 315 1246 Ae
346 1203 478 1246 statim
511 1211 600 1260 post
630 1211 781 1260 partum
816 1203 1069 1254 Emmanuel,
1117 1204 1190 1246 hoc
1222 1211 1283 1246 est
1307 1202 1524 1246 Nobiscum
1558 1205 1654 1247 dens
1696 1211 1749 1240 M·
1753 1211 1809 1241 tib·

114 1271 346 1328 appellatur,
372 1285 445 1314 nee
467 1274 542 1314 iam
566 1273 738 1315 seeundo
756 1273 944 1329 gignitur.
986 1271 1084 1315 Post
1100 1273 1196 1315 haee
1219 1272 1383 1314 infans‘
1371 1287 1411 1314 ιιι
1430 1272 1654 1330 Aegyptum
1684 1292 1739 1322 Ma
1704 1246 1798 1323 ιἰἷῗ
1817 1293 1843 1322 2

113 1353 205 1383 ott-
223 1337 392 1397 loseph«)
411 1354 458 1383 ne
477 1339 605 1383 Maria
628 1341 856 1396 transfugit,
897 1345 1071 1395 quoniam
1095 1343 1326 1396 quaerebant
1346 1345 1508 1382 antheum
1525 1357 1653 1395 pueri,

113 1407 269 1452 settled
291 1416 523 1465 argumento
540 1410 592 1452 sit
611 1410 751 1452 ἰΙΙιιιιι
741 1424 782 1451 ιιι
799 1424 920 1452 earne
944 1410 1075 1452 necari
1099 1410 1289 1466 potuisse.
1351 1409 1500 1452 Verum
1523 1425 1545 1452 a
1567 1409 1657 1452 Ma-

111 1476 175 1533 gis
204 1477 391 1520 odoratus
425 1485 511 1529 est,
553 1486 734 1534 tanquam
756 1493 877 1521 verus
903 1479 998 1521 deus
1023 1492 1143 1521 earne
1165 1479 1273 1535 ipsa,
1315 1493 1392 1520 non
1419 1479 1504 1520 sola
1524 1479 1656 1535 speeie

112 1545 486 1602 titubationeque
510 1554 638 1589 natus.
701 1546 855 1590 Deinde
883 1563 970 1589 cum
1002 1562 1053 1589 ex
1080 1547 1265 1604 Aegypto
1289 1548 1544 1599 revertisset,
1579 1549 1657 1589 Ar·

112 1612 289 1658 asdans·
320 1615 444 1657 adhue
479 1622 678 1658 metuente
705 1614 872 1673 losepho
904 1615 1220 1673 Hierosolymam
1258 1630 1335 1658 non
1362 1616 1479 1668 adiit,
1524 1623 1657 1673 utpote

113 1691 202 1733 οῦ·
222 1689 264 1725 et
281 1681 411 1726 infans
434 1683 710 1741 comprehendi
737 1692 893 1741 posset,
937 1691 978 1727 et
997 1692 1088 1727 ante
1110 1692 1262 1741 tempus
1285 1685 1324 1726 iu
1349 1698 1466 1726 earne
1490 1685 1654 1741 perpeti,

113 1759 215 1807 quse
242 1757 331 1795 erat
360 1751 567 1808 aliqnando
598 1766 802 1810 passurus.
871 1752 1038 1796 Praeter
1068 1754 1164 1795 haee
1196 1767 1220 1796 a
1252 1752 1400 1796 loanne
1436 1754 1654 1810 prohibitus
1701 1762 1816 1834 M⁸i²¹²

113 1824 209 1872 (st,
241 1833 330 1863 eum
362 1820 558 1864 dominum
579 1835 722 1864 servus
742 1821 971 1878 agnovisset
994 1823 1107 1864 deum
1131 1836 1223 1864 esse
1245 1821 1413 1865 hominis
1432 1830 1571 1864 natura
1595 1836 1658 1864 re-

114 1899 213 1942 vern
232 1888 468 1944 preditum.
529 1890 626 1932 Δι’
615 1905 649 1933 is
676 1890 846 1944 habitum
868 1891 942 1933 sibi
974 1890 1161 1933 honorem
1185 1904 1207 1932 a
1229 1904 1348 1932 servo
1373 1891 1414 1932 in
1439 1904 1488 1932 eo
1508 1904 1657 1946 genere

116 1954 350 1999 “bennit
377 1970 531 1999 omnem
557 1958 596 2000 in
619 1972 738 2001 osrne
772 1973 824 2001 ex
846 1959 905 2002 rei
929 1960 1098 2002 veritate
1114 1991 1126 2012 ,
1168 1965 1211 2001 ut
1231 1959 1270 2000 in
1293 1960 1466 2016 perfecta
1489 1959 1657 2001 bominis

115 2027 259 2067 mun
276 2022 463 2068 iustitiam
487 2025 682 2082 impleret.
742 2025 831 2083 Qua
859 2028 898 2070 in
923 2042 966 2070 re
988 2028 1162 2071 salutare
1184 2028 1298 2070 nobis
1323 2029 1544 2085 exemplum
1565 2028 1657 2070 reii-

117 2089 213 2147 qnit.
271 2088 498 2146 Quinetiam
524 2107 619 2136 vere
639 2095 687 2137 de
710 2095 773 2138 via
796 2097 979 2152 fatigatus
1006 2103 1090 2149 est,
1123 2110 1196 2139 nee
1218 2097 1402 2153 fatigatus
1423 2098 1553 2150 modo,
1585 2097 1654 2139 sed
1669 2106 1810 2146 luna,
1816 2110 1843 2139 s,

116 2157 235 2203 etiam
261 2173 355 2217 pree
387 2160 615 2204 lassitudine
649 2163 812 2206 resedit.
874 2165 1035 2207 Adhaee
1066 2165 1249 2221 quoniam
1276 2180 1353 2208 non
1377 2166 1465 2208 ficte
1490 2166 1657 2208 hominis

115 2234 294 2271 nstursm
316 2236 569 2285 susceperat,
601 2237 786 2274 contente
809 2246 906 2275 voee
929 2233 1137 2285 clamavit,
1181 2237 1311 2275 Vetm‘oe
1332 2250 1477 2284 omnes,
1511 2250 1575 2289 que
1595 2237 1652 2276 la·-
1705 2245 1758 2274 Μι
1761 2245 1817 2275 ιιι.

116 2295 260 2339 suum
276 2304 318 2339 et
338 2300 489 2339 oman
505 2300 617 2347 esto,
649 2306 688 2340 et
710 2314 782 2353 ego
802 2302 969 2355 reficiam
994 2316 1083 2352 νοις
1125 2309 1166 2344 ιιι
1197 2302 1246 2345 ad
1275 2317 1413 2346 omnes
1443 2303 1551 2345 orbis
1574 2310 1654 2346 ter·
1706 2281 1749 2316 u'
1766 2281 1808 2309 a

114 2376 247 2409 rernm
272 2364 474 2419 homines,
506 2366 572 2422 qui
594 2366 644 2408 sd
666 2380 757 2410 sese
776 2370 1056 2426 confugerent,
1087 2371 1326 2413 recreandos
1352 2371 1534 2414 idoneam
1564 2384 1655 2414 esse

116 2431 358 2476 divinitatem
391 2448 500 2477 susm
532 2435 774 2478 ostenderet.
834 2434 1048 2481 Praeterea
1071 2445 1243 2481 tentatus
1268 2454 1290 2481 a
1315 2440 1469 2482 diabolo
1489 2446 1574 2491 est,
1617 2446 1657 2482 et

116 2501 372 2559 qnadraginta
394 2502 478 2545 dies
499 2502 586 2545 sine
619 2503 698 2546 uno
723 2503 810 2546 eibo
828 2512 997 2561 potuque
1025 2507 1262 2563 permensit,
1307 2514 1351 2550 ut
1371 2509 1534 2550 eandem
1558 2507 1656 2550 divi·

115 2569 276 2613 nitatem
309 2570 452 2613 nuliius
488 2570 547 2613 rei
583 2571 759 2627 indigere
795 2581 1046 2618 monstraret.
1106 2574 1249 2631 Neque
1278 2576 1381 2618 enim
1407 2583 1486 2618 tum
1514 2577 1655 2618 samem

116 2639 355 2691 sustinebat,
397 2639 507 2695 quasi
535 2640 727 2682 severiori
760 2642 925 2696 quodam
957 2643 1058 2687 vitae
1086 2644 1263 2686 instituto
1285 2644 1359 2686 sibi
1380 2644 1653 2686 abstinentiam

115 2706 351 2760 indixisset,
390 2721 557 2764 seseque
590 2709 716 2751 inedia
746 2709 923 2752 cruciare
959 2725 1006 2753 ae
1029 2713 1258 2768 perdomare
1290 2713 1431 2766 veltet,
1472 2714 1541 2755 sed
1569 2721 1654 2755 tan·

118 2789 232 2833 qnam
264 2790 398 2820 veram
430 2777 468 2819 in
496 2790 585 2820 sese
615 2777 858 2820 divinitatem
888 2778 1034 2822 hebens
1064 2780 1208 2823 nullius
1233 2780 1401 2836 egebat,
1442 2783 1575 2823 Postea
1596 2788 1654 2825 ta-

117 2857 229 2897 men,
274 2852 316 2888 ut
341 2846 533 2902 scriptura
570 2853 723 2899 narrat,
765 2850 924 2896 esuriit,-
971 2862 1046 2903 qua
1077 2849 1229 2890 ratione
1262 2862 1354 2891 vere
1382 2862 1425 2891 se
1458 2849 1652 2893 hominem

117 2910 260 2957 tectum
292 2926 382 2956 esse
408 2914 664 2971 significavit,
708 2929 794 2956 cum
829 2923 1068 2972 assumptum
1099 2930 1121 2958 a
1152 2930 1196 2958 se
1220 2931 1361 2974 eorpus
1384 2917 1490 2960 veris
1519 2932 1566 2962 ee
1590 2933 1653 2962 ra-

117 2979 214 3023 tioni
252 2981 528 3025 eonsenteneis
562 2982 860 3025 necessitatibus
898 2983 1111 3026 obnoxium
1142 2998 1232 3027 esse
1261 2986 1391 3029 divina
1416 2994 1556 3030 ustura
1584 3003 1654 3030 vo·

117 3045 271 3101 luisset,
304 3063 369 3103 ne,
403 3051 503 3106 quod
529 3065 582 3093 ex
604 3050 686 3108 ipsa
710 3065 849 3094 revera
875 3066 1120 3109 consequens
1143 3067 1234 3098 esse
1259 3054 1486 3110 videbatur,
1517 3069 1651 3100 veram
