2020 3276
411 226 592 262 rammi
617 226 701 261 ms.
721 227 779 261 ιιι.
801 228 909 263 Tou.
928 230 971 263 ιι.
996 228 1127 263 naen.
1149 229 1343 263 Lxxvin.
1567 218 1652 263 419

107 314 188 365 μ
206 305 305 362 iilud
327 306 475 360 voluit,
518 307 630 350 cuius
656 307 782 360 lilius,
826 315 868 351 et
891 323 946 351 ex
969 324 1044 365 qua
1072 316 1197 352 matre
1221 307 1386 352 lacobus
1410 316 1519 352 esset
1539 309 1653 365 geui-

105 382 195 430 tua-3
222 382 306 420 tun
323 381 414 420 uter
434 383 528 419 uatu
549 376 739 432 grandior
760 377 878 419 foret.
941 376 1099 420 Etenim
1127 376 1238 420 lesus
1262 392 1368 420 anuo
1388 378 1530 420 aetatis
1555 391 1653 421 suae

102 433 316 497 mlii.
346 443 387 487 iu
417 458 573 488 crucem
603 451 716 487 actus
744 452 830 497 est,
872 444 937 501 qui
977 453 1064 488 erat
1095 445 1267 489 Herodis
1297 446 1483 489 Archelai
1517 444 1563 488 F.
1595 447 1654 489 vi-

101 511 297 570 flaui-m.

189 580 338 625 .Anuo
361 581 503 638 quippe
529 580 700 625 Herodis
728 583 900 626 senioris
921 582 1118 639 Antipatri
1142 581 1191 625 F.
1220 585 1338 626 tertio
1368 599 1415 626 ac
1446 583 1648 626 tricesimo
1672 593 1753 638 Cap.
1779 594 1824 627 x.

105 645 293 695 affiatu:
313 646 535 693 Bethleemi
560 648 729 693 iudaeae
752 651 952 703 nascitur,
985 651 1157 708 Augusti
1179 666 1277 694 vero
1301 650 1440 694 XLtt.
1501 651 1655 694 Deinde

105 724 200 776 μοι
229 731 359 763 anuos
390 719 490 761 duos
522 719 562 761 iu
583 719 809 777 Aegyptum
840 719 888 761 ab
922 717 1092 776 losepho
1121 727 1410 777 transportatus
1443 727 1527 773 est,
1570 735 1656 763 cum

106 782 291 831 umde-
313 787 364 830 ob
389 801 436 830 ea
458 801 558 843 quae
579 786 690 845 Magi
711 788 1039 831 renuntiaverant
1059 802 1222 846 puerum
1246 790 1295 831 ad
1321 803 1457 831 necem
1479 789 1658 845 require·

103 861 184 898 tet.
243 852 383 911 Quare
403 855 444 898 iu
467 855 692 913 Aegyptum
715 857 915 914 profectus
936 857 1096 899 biennio
1116 857 1197 899 illic
1222 866 1396 900 moratus
1421 865 1497 900 est.
1558 855 1658 900 Post

105 921 210 967 hee
226 920 410 967 Herodes
434 924 530 966 obiit
552 939 656 968 auno
678 926 789 982 regui
810 926 871 968 sui
896 923 1127 969 xxxvn.
1189 923 1265 968 Cui
1289 927 1482 970 successit
1502 926 1657 968 Arche-

105 989 193 1035 Β.
219 990 349 1044 nius,
395 993 460 1049 qui
496 991 558 1035 lX
591 994 705 1037 aunis
741 995 939 1051 regnavit.
1012 992 1071 1037 lta
1107 996 1351 1051 postmodum
1386 993 1572 1038 Christus
1608 1008 1656 1036 eo

106 1058 239 1113 unni,
278 1061 391 1104 euius
419 1062 546 1117 gratia
579 1070 767 1115 venerat,
810 1063 992 1106 absoluto
1018 1065 1204 1119 negotio,
1246 1064 1286 1106 iu
1310 1078 1466 1107 crucem
1490 1063 1654 1115 tollitur,

106 1141 212 1172 auno
232 1125 386 1172 Tiberii
411 1126 602 1172 Caesaris
622 1129 803 1183 XVlll.,
836 1132 900 1188 qui
923 1139 1011 1174 erat
1030 1132 1232 1189 Agrippae
1254 1131 1421 1188 Magni,
1467 1133 1553 1175 sive
1575 1131 1658 1174 He-

106 1195 215 1240 mdia
246 1196 414 1240 iunioris
438 1198 626 1241 Archelai
647 1196 717 1252 R,
762 1213 890 1242 annus
914 1198 1015 1242 XX.
1076 1199 1283 1257 Nusquam
1319 1216 1415 1244 vero
1449 1199 1658 1257 losephum

105 1265 333 1323 mopiase
361 1266 509 1310 liberos
542 1268 782 1325 accepimus.
845 1266 926 1312 Sed
961 1283 1088 1325 neque
1118 1277 1374 1326 posteaquam
1398 1285 1452 1312 ex
1472 1270 1659 1327 Aegypto

105 1333 248 1388 rediit,
292 1333 359 1377 tliu
388 1336 629 1392 supervixit.
690 1337 849 1393 Agebat
874 1344 954 1379 tum
978 1335 1163 1380 Christus
1196 1353 1341 1381 annum
1371 1339 1513 1381 aetatis
1540 1353 1658 1394 quar-

105 1407 204 1447 tan.
266 1399 459 1460 Iosephus
481 1401 729 1447 LXXXIV.
766 1413 1021 1459 excesserat,
1067 1422 1155 1449 cum
1178 1421 1231 1450 ex
1253 1408 1439 1465 Aegypto
1469 1421 1659 1450 reversus

107 1476 185 1515 eut.
243 1468 344 1514 Poat
362 1473 460 1515 haec
481 1472 570 1515 aliis
592 1471 693 1516 Vlll
719 1473 835 1517 vixit.
896 1473 1001 1517 Nam
1022 1472 1207 1518 Christus
1227 1491 1371 1519 annum
1394 1490 1517 1532 agens
1536 1474 1656 1529 Xll.,

106 1551 194 1585 01·
214 1537 531 1598 Hierosolymam
562 1543 728 1598 proiecti
760 1551 918 1595 essent,
958 1544 1161 1600 quaesitus
1192 1552 1276 1597 est,
1321 1545 1423 1601 quod
1450 1545 1489 1586 in
1516 1545 1658 1587 itinere

107 1621 185 1653 nou
206 1614 318 1652 assat
338 1617 546 1667 repertus,
590 1618 633 1652 ut
652 1609 790 1654 Lucae
815 1619 984 1655 testatur
1002 1613 1270 1669 evangelium.
1330 1612 1460 1656 Porro
1487 1614 1658 1656 nondum

105 1675 281 1722 evolutis
300 1677 416 1721 aunis
441 1677 520 1721 illis
545 1676 736 1736 losephus
761 1681 949 1733 moritur,
982 1695 1030 1724 ac
1053 1680 1167 1724 Iesus
1191 1696 1269 1724 uon
1291 1683 1457 1739 amplius
1479 1682 1552 1724 sub
1573 1682 1657 1734 illo,

105 1744 179 1789 ud
200 1744 244 1789 iu
261 1745 349 1789 aias
370 1746 486 1790 domo
506 1747 698 1791 duntaxat
721 1749 912 1792 educatus
939 1757 1016 1792 est.
1080 1749 1182 1792 fliuc
1205 1758 1268 1793 est
1294 1751 1395 1807 quod
1424 1751 1464 1792 in
1487 1765 1660 1806 evange-

108 1810 165 1860 Β
185 1827 267 1858 Ιο-
289 1814 367 1859 ian
391 1815 483 1858 illud
509 1817 676 1870 dicitur,
719 1816 842 1860 Venit
869 1826 979 1874 pater
1002 1819 1151 1876 ipsius,
1197 1827 1237 1861 et
1263 1827 1413 1872 mater,
1454 1827 1494 1861 et
1518 1821 1662 1862 fratres

1711 1629 1785 1658 Lue.
1803 1630 1829 1658 ².

108 1893 222 1948 αα,
250 1882 349 1936 aed,
379 1886 480 1926 Eece
498 1894 618 1927 mater
642 1894 706 1927 tua
726 1889 924 1942 etsi-atres
943 1890 1115 1943 mesor-is
1132 1896 1249 1930 stane.
1314 1887 1395 1931 Sed
1420 1903 1547 1945 neque
1571 1902 1658 1931 cum
1677 1902 1742 1931 nuc
1743 1903 1794 1939 .,s
1804 1902 1847 1931 zo.

110 1948 151 1993 in
149 1932 355 1996 Galilaea
373 1952 432 1995 aie
452 1952 559 1996 illum
587 1954 903 2011 alloquerentur,
935 1958 1054 1998 Nemo
1075 1959 1168 1998 haee
1195 1972 1314 2011 agens
1334 1961 1373 1999 in
1396 1961 1545 1999 occulto
1576 1973 1659 1999 ver-
1677 1972 1710 2001 10
1711 1980 1771 2000 ιιιιι
1752 1972 1815 2007 ιι,,ι
1824 1974 1850 1999 ⁴.

109 2021 196 2060 κη’
219 2022 348 2074 capit,-
389 2024 429 2062 ai
449 2023 542 2063 haee
566 2024 690 2077 sacis,
727 2026 870 2078 praebe
902 2033 938 2066 te
966 2027 1225 2079 manifestum,
1271 2041 1349 2068 uou
1371 2026 1494 2079 dixit,
1538 2025 1661 2069 Pater

109 2086 235 2144 ipaiue
259 2094 302 2131 et
319 2088 489 2142 fratres,
532 2091 601 2133 aed
626 2089 827 2136 Fratres
815 2093 964 2151 ipsius3
1010 2108 1058 2137 eo
1084 2095 1186 2151 quod
1216 2094 1438 2151 Iosephus
1427 2111 1467 2138 ιιι
1492 2110 1661 2151 corpore

110 2168 203 2199 ene
232 2155 431 2200 desiisset.
506 2156 734 2214 Quinetiam
767 2163 806 2203 in
841 2162 928 2219 ipso
961 2163 1064 2205 vitae
1094 2164 1230 2216 exitu,
1279 2179 1365 2207 cum
1402 2162 1587 2208 Christus
1620 2166 1660 2207 iu

111 2237 230 2268 eruce
262 2225 476 2283 penderet,
520 2233 562 2269 ut
592 2228 631 2270 iu
653 2226 813 2272 Ioannis
844 2230 1053 2287 evaugelio
1084 2233 1272 2289 scriptum
1306 2243 1390 2287 est,
1432 2238 1656 2282 Conversus,

110 2291 260 2351 iuquit,
291 2296 386 2336 ιη’άιἸ
405 2297 651 2349 ᾰὺοψαὶυπι,
689 2312 796 2351 quem
816 2300 1002 2352 diligebat
1017 2303 1207 2351 dommus,
1243 2302 1358 2358 eique
1379 2303 1427 2345 de
1449 2301 1580 2345 Maria
1604 2302 1662 2343 di·
1739 2304 1747 2316 '

111 2359 196 2415 xit,
237 2364 339 2404 Eece
360 2371 482 2404 mater
504 2371 590 2413 tua,
635 2371 715 2407 tum
741 2366 876 2420 matri,
912 2370 1143 2423 Eeeefilius
1164 2378 1265 2412 tuus.
1330 2370 1451 2427 Atqui
1470 2371 1503 2414 si
1529 2369 1662 2413 Maria

110 2427 260 2474 liberos
291 2430 514 2484 habuisset,
557 2439 624 2475 aut
649 2440 853 2490 superstes
879 2435 941 2478 vir
963 2437 1050 2480 eius
1073 2438 1238 2491 suisset,
1279 2453 1351 2481 cur
1374 2440 1478 2482 illam
1505 2437 1658 2490 loanni,

113 2496 304 2543 loannem
324 2499 380 2543 illi
405 2500 729 2544 commendaret?
787 2500 936 2546 verum
958 2519 1030 2548 cur
1049 2520 1127 2549 nou
1154 2504 1274 2549 Petro
1299 2507 1453 2564 potius,
1487 2508 1551 2549 vel
1578 2508 1662 2549 An-

112 2566 259 2622 lreue,
312 2569 375 2612 vel
425 2566 653 2622 Matthaeo,
710 2568 1067 2617 Bartholomaeove
1118 2577 1391 2618 commeudat?
1463 2574 1661 2618 Nimirum

116 2636 252 2680 banni
278 2644 438 2695 propter
472 2637 735 2694 virginitatem
770 2638 844 2682 hoc
866 2639 1017 2683 tribuit.
1080 2645 1199 2692 Eece,
1246 2644 1395 2699 inquit,
1436 2652 1558 2685 mater
1579 2652 1657 2686 ena.

116 2791 834 2841 mmmmuaeerqueetedmne.
914 2801 1665 2847 «mammaemamma-

159 2840 584 2887 automnamdty.
914 2848 1028 2879 uvius.

162 2883 195 2922 4.
215 2886 367 2932 διέμενεν
386 2890 476 2923 codd.
494 2899 568 2924 maa.
614 2888 776 2933 διέμεινεν
796 2890 869 2923 eant
960 2889 992 2926 7.
1016 2890 1177 2936 λέγιιφα
1167 2890 1223 2928 'no
1203 2905 1270 2928 κων
1293 2896 1361 2929 cod.
1385 2896 1516 2938 Iti-eata.

115 2934 199 2968 un.
958 2938 989 2970 8.
1016 2903 1181 2973 Γαλιλαία
1203 2949 1259 2972 eon
1262 2942 1331 2973 iecit
1354 2942 1512 2975 petavius.

162 2973 756 3059 δὲαῶᾞοοωωυισᾳυε.
794 2976 901 3015 Ἰψ·
959 2974 1355 3037 actaeon-Medio.

964 3024 1095 3063 10.’νΔ
1097 3029 1193 3073 ὀρείᾳ
1217 3031 1289 3064 edu.
1314 3033 1422 3066 Petov.

187 3070 424 3105 .scnt›endua=
443 3070 644 3117 δωδεκάτῳ,
667 3074 867 3116 quemadmo-

1291 3138 1343 3178 27
1370 3138 1391 3159 ⁸
