2020 3276
434 226 618 261 PANARH
644 225 728 259 Lm.
748 225 808 258 111.
830 224 942 259 ToM.
962 224 1002 258 n.
1024 223 1158 257 HAER.
1176 223 1355 256 Lxxvn.
1581 210 1658 253 391

117 307 271 367 quidem
298 321 402 359 vox,
445 308 609 354 umbri,
655 319 741 347 enm
765 304 813 346 de
835 304 997 345 coelesti
1031 303 1096 345 illa
1119 302 1307 352 missione
1339 299 1565 357 accipienda
1594 298 1661 350 sit,

117 375 170 431 ,ὁδ’
189 384 237 419 eo
257 374 414 427 tamen,
456 374 556 431 quod
586 372 726 416 Petrus
749 371 870 423 dixit,
913 371 1087 427 separari
1111 385 1187 413 non
1209 370 1346 412 ‹lebetz
1387 372 1509 410 Iesum
1531 369 1663 409 Naza-
1682 377 1747 405 Act·
1764 374 1794 410 ²,
1809 374 1852 402 ¹2-

115 455 270 494 ΝΜ
290 445 412 486 οὑτω
433 444 632 498 probatum
655 444 695 482 in
720 442 822 482 vobis
838 442 1028 494 prodigiis
1052 454 1098 480 αι·
1125 442 1271 492 st’gm‘s‚-
1314 453 1420 492 quem
1444 439 1559 477 unxit
1573 438 1665 477 deus

114 516 254 569 W&
280 520 435 561 saneto,
468 525 514 553 ae
543 510 693 566 reliqua
723 509 761 551 id
791 522 932 564 genus.

230 579 310 625 Sed
336 594 409 623 nec
431 580 490 622 his
515 579 668 635 quidem
692 584 875 619 contenta
901 575 1126 618 suavissimi
1148 575 1201 616 illi
1227 576 1370 616 fratres
1392 573 1541 624 nostri,
1574 586 1662 614 eum
1727 568 1807 613 cap.

115 650 208 694 illud
237 649 311 692 sibi
343 649 465 691 semel
493 646 794 705 proposuerint,
839 652 882 687 ut
910 645 949 686 in
981 643 1161 686 omnibus
1197 642 1527 698 opiniosissimam
1553 655 1662 683 suam
1680 616 1849 651 xxxm‘

116 718 229 762 nobis
249 712 508 775 pervicaciam
537 721 754 772 opponant,
799 713 916 756 etiam
944 712 1188 754 divinitatem
1215 708 1363 753 Christi
1391 723 1546 766 passam
1574 722 1663 751 esse

114 799 264 831 summa
282 797 369 829 eum
393 784 556 827 audacia
589 783 831 840 praedicant.
891 780 955 823 Ad
976 781 1076 837 quod
1114 780 1191 821 illis
1222 779 1388 835 apostoli
1414 779 1545 820 verbis
1569 772 1688 820 abu-'

115 861 272 900 tuntum
314 857 365 896 St'
378 857 474 896 enim
502 855 788 907 cognovissent,
832 863 1021 904 nunquam
1051 852 1238 890 dominum
1259 850 1411 901 gloriae
1443 847 1661 900 crucfizzze-
1680 855 1857 893 1.cor.²‚e.

113 927 211 978 Μ.
273 923 334 966 Ae
355 936 440 964 mea
464 922 616 978 quidem
645 919 841 962 sententia
864 919 982 973 aliqui
1004 916 1246 974 Apollinaris
1267 915 1470 972 discipuli,
1504 915 1568 970 qni
1593 915 1664 956 mi-

114 1004 190 1036 ns
209 986 310 1036 istud
334 990 622 1046 intelligerent,
657 1002 742 1029 cum
771 987 858 1029 aliis
882 986 1084 1028 erroribus
1109 985 1211 1027 hune
1235 985 1359 1041 ipsum
1379 989 1660 1040 proponentes,

115 1058 283 1118 argum
305 1059 442 1102 volunt
465 1057 606 1101 videri.
668 1055 797 1099 Miror
818 1055 919 1097 enim
945 1055 977 1097 si
1002 1053 1191 1097 eiusmodi
1218 1052 1408 1109 quicpiam
1437 1051 1485 1094 ab
1506 1065 1554 1093 eo
1579 1052 1663 1092 sue-

117 1128 168 1172 rit
201 1133 410 1171 nmrtnm.
482 1125 625 1183 Neque
660 1139 755 1167 vero
789 1123 1055 1165 admirandum
1090 1129 1153 1164 est
1185 1122 1287 1177 quod
1322 1120 1516 1176 scriptura
1548 1132 1663 1161 saera

116 1195 312 1240 dominnm
345 1195 496 1252 gloriae
530 1194 759 1236 crucifixum
791 1205 880 1234 esse
913 1191 1071 1233 dixerit.
1135 1189 1336 1246 Siquidem
1361 1196 1401 1231 et
1423 1195 1662 1244 assumptam

116 1264 285 1308 bominis
312 1272 489 1307 naturam
519 1263 669 1318 gloriae
695 1261 891 1302 dominnm
918 1260 1184 1316 appellamus3
1231 1258 1370 1314 qnippe
1403 1271 1503 1313 qnae
1532 1257 1582 1298 ab
1606 1256 1663 1298 di-

115 1333 279 1377 vinitate
307 1332 465 1374 minime
496 1337 675 1387 separata
697 1329 764 1371 sit.
824 1326 914 1370 Nee
938 1329 1056 1370 ullum
1080 1327 1118 1369 in
1144 1341 1191 1368 eo
1214 1341 1363 1383 genere
1388 1340 1486 1382 opus
1509 1332 1577 1367 aut
1599 1339 1663 1367 ar·

114 1407 339 1459 gumentum
363 1406 425 1442 est
446 1400 547 1455 qnod
573 1413 649 1440 non
672 1397 874 1439 commode
895 1397 1021 1453 possit
1039 1395 1228 1451 intelligi,
1263 1395 1439 1450 adeoque
1461 1401 1584 1436 totum
1603 1393 1664 1434 in-

114 1468 355 1514 carnationis
388 1470 584 1523 negotium
618 1467 664 1508 ad
698 1480 813 1507 unam
850 1465 1091 1520 eandemque
1122 1463 1499 1506 administrationem
1534 1462 1663 1518 perfe-

114 1539 363 1595 ctionemque
395 1535 611 1593 conspirat.
676 1533 810 1590 ltaqne
834 1533 1030 1590 patibilem
1063 1547 1136 1574 nes
1163 1530 1365 1575 Christum
1393 1530 1661 1588 praedicamus

113 1620 160 1652 ιο
182 1606 401 1657 eredimus3
446 1619 524 1646 non
550 1603 651 1659 quod
676 1616 746 1658 per
773 1616 864 1644 sese
888 1602 940 1643 sit
963 1615 1123 1658 passus:
1167 1614 1293 1656 neque
1317 1600 1419 1655 quod
1444 1599 1544 1640 alius
1565 1599 1616 1640 sit
1638 1612 1662 1640 a

114 1675 287 1735 potiente
308 1673 514 1724 dominus,
557 1685 685 1727 neque
717 1671 817 1726 quod
847 1670 979 1711 divina
1009 1677 1147 1711 natura
1184 1683 1297 1726 passa
1326 1668 1400 1710 sit:
1444 1681 1582 1710 verum
1606 1666 1661 1708 ita

114 1743 294 1788 dominus
317 1749 454 1785 noster
478 1739 591 1782 lesus
615 1738 800 1782 Christus
832 1752 971 1796 passus
1006 1745 1067 1779 est
1101 1745 1143 1779 ut
1167 1737 1290 1794 ipsius
1322 1736 1506 1778 divinitas
1538 1742 1662 1777 muta-

114 1812 232 1855 tioni·
255 1810 382 1853 omnis
405 1816 446 1851 et
470 1807 664 1866 passionis
691 1822 838 1863 expers
871 1807 1121 1849 nihilominus
1146 1805 1184 1847 in
1213 1819 1329 1847 cruce
1355 1812 1577 1860 pateretur,
1622 1810 1662 1845 et

113 1880 197 1939 ipsa
231 1879 376 1922 nnllam
410 1879 448 1920 in
481 1891 571 1920 sese
603 1877 824 1932 passionem
861 1875 1127 1932 experiretur.
1190 1873 1306 1930 Quod
1340 1874 1442 1915 enim
1472 1870 1658 1915 Christus

114 1955 251 1991 nostra
281 1960 423 1989 caussa
455 1953 631 2003 mortuus
666 1952 748 1996 est,
793 1958 965 2000 vereque
993 1950 1196 1996 mortuus,
1239 1957 1316 1984 non
1344 1942 1383 1984 in
1417 1941 1659 1984 divinitatem

116 2029 223 2059 mors
246 2014 314 2057 illa
335 2013 499 2065 cecidit,
543 2015 611 2056 sed
645 2014 682 2055 in
719 2027 838 2055 carne
870 2019 1046 2054 mortuus
1079 2018 1162 2062 est3
1206 2011 1529 2068 quemadmodum
1563 2010 1661 2050 scri-

116 2090 221 2143 ptum
245 2090 331 2134 est,
365 2083 621 2135 Mortfficatue
646 2096 783 2131 earne,
817 2083 1028 2135 vivfficatus
1051 2089 1173 2122 autem
1199 2083 1362 2134 spii-itu:
1397 2079 1487 2120 item
1503 2110 1514 2130 ‚
1550 2080 1863 2146 Chr1·-}-¹geg·³3¹q-

114 2160 174 2194 eto
191 2165 394 2207 patropro
419 2151 526 2191 nobis
553 2154 592 2191 t’n
619 2165 747 2191 earne.
811 2147 1077 2204 Quamobrem
1110 2149 1298 2204 singulari
1328 2147 1492 2203 quadam
1531 2153 1571 2188 et
1594 2146 1661 2188 ad·
1692 2138 1699 2145 ⁶
1727 2124 1783 2145 Μ’
1817 2136 1826 2152 ’
1858 2136 1865 2143 ’

116 2219 281 2263 mirabili
309 2218 459 2261 ratione
494 2231 588 2259 vere
613 2232 768 2274 passum
794 2217 901 2259 illum
932 2231 1021 2260 esse
1048 2217 1303 2267 eonfitemur,
1349 2223 1389 2258 et
1414 2215 1580 2257 eundem
1604 2222 1662 2256 ta·

116 2301 205 2331 men
236 2299 333 2329 vere
368 2286 563 2343 passionis
598 2293 824 2341 expertem,
871 2286 972 2341 quod
1010 2285 1104 2327 nihil
1138 2285 1322 2327 divinitas
1357 2284 1440 2340 ipsa
1475 2283 1658 2339 patiatur,

116 2356 298 2414 quoniam
320 2355 369 2397 ab
394 2355 497 2396 omni
524 2354 792 2395 vicissitudine
814 2360 855 2395 et
875 2353 1058 2410 passione
1081 2353 1264 2395 immunis
1290 2360 1374 2405 est,
1408 2352 1661 2405 eiusdemque

115 2438 203 2467 enm
226 2430 335 2481 patre
358 2422 617 2465 substantiae.
681 2419 738 2463 lta
765 2435 883 2478 porro
907 2435 1060 2477 passam
1084 2435 1174 2463 esse
1198 2435 1356 2463 earnem
1381 2420 1596 2461 asserimus
1621 2425 1662 2460 ut

116 2492 156 2535 in
181 2491 263 2549 ipsa
289 2492 543 2549 perpessione
564 2489 748 2531 divinitas
773 2503 1016 2546 nequaquam
1039 2489 1086 2531 ab
1106 2497 1303 2546 assumpta
1329 2488 1496 2530 bominis
1521 2493 1660 2528 natura

114 2560 292 2603 ”iuncta
327 2560 393 2601 sit.
467 2558 571 2600 Tum
604 2558 707 2599 enim
739 2558 922 2599 divinitas
959 2572 1045 2599 eum
1077 2558 1244 2599 humana
1278 2564 1417 2599 natura
1451 2555 1659 2597 coniuncta

117 2627 214 2679 mit,
246 2628 400 2684 qnando
424 2624 607 2669 Christus
632 2626 669 2667 in
695 2638 812 2667 cruce
834 2627 998 2668 suffixus
1028 2640 1148 2668 earne
1171 2639 1308 2682 passus
1331 2632 1414 2674 est,
1456 2623 1551 2664 nihil
1577 2623 1660 2679 ipsa

117 2695 320 2738 divinitate
344 2695 539 2752 patiente3
573 2708 649 2750 quo
669 2694 891 2735 iustificatio
910 2701 1043 2735 nostra
1064 2707 1140 2736 non
1166 2694 1331 2749 amplius
1358 2692 1397 2733 in
1418 2692 1500 2734 sola
1521 2704 1657 2744 carne,

116 2764 185 2806 ned
209 2764 326 2806 etiam
353 2765 391 2805 in
415 2762 619 2805 divinitate
651 2762 911 2813 consisteret,
954 2769 1071 2817 atque
1093 2770 1135 2804 ut
1157 2776 1179 2804 a
1202 2761 1404 2803 divinitate
1437 2759 1576 2812 simul,
1620 2766 1661 2802 et

118 2844 237 2873 earne
275 2831 382 2873 natus
413 2839 547 2873 nostra
584 2830 916 2887 proficisceretur.
978 2828 1132 2871 Etenim
1168 2827 1351 2872 Christus
1383 2842 1460 2870 non
1492 2828 1660 2885 simplex

118 2913 164 2942 ae
188 2900 312 2941 nudus
336 2900 451 2941 bomo
477 2898 570 2949 luit,
613 2899 681 2940 sed
704 2898 866 2939 verbnm
896 2896 1138 2949 subsistens,
1181 2898 1450 2947 incarnatum,
1492 2910 1538 2939 ae
1562 2898 1660 2939 deus

118 2967 233 3010 homo
254 2979 393 3009 revera
426 2968 575 3019 faetus,
619 2974 658 3008 ut
686 2980 792 3023 spem
820 2972 991 3008 nostram
1018 2980 1095 3008 non
1121 2965 1283 3023 amplius
1306 2965 1343 3007 in
1367 2964 1545 3019 homine,
1588 2965 1658 3008 sed

120 3035 157 3077 in
182 3034 385 3077 divinitate
406 3035 667 3087 eollwemus,
700 3048 826 3090 neque
857 3034 1066 3091 patientem
1090 3034 1229 3086 deum,
1263 3033 1331 3075 sed
1354 3048 1377 3076 a
1403 3034 1658 3091 perpessione
