2020 3276
441 226 623 260 rmum
647 225 729 260 us.
750 226 808 259 m.
832 225 986 260 TOM.1.
1010 225 1143 260 naun.
1162 225 1321 258 Lxxw.
1572 215 1655 257 287

104 306 355 366 myos-its
384 313 519 348 cetera
554 305 708 358 omnia,
754 305 817 347 ubi
855 319 878 347 a
902 306 1076 348 trinitate
1100 305 1354 357 discesseris,
1400 304 1478 360 pati
1513 303 1654 359 aliquid

102 381 288 433 ”aaa
320 374 395 418 nisi
416 375 517 416 torte
528 388 676 430 expers
694 373 760 416 illo
781 374 1002 415 affectionis
1023 374 1150 415 omnis
1173 374 1338 416 similem
1361 371 1555 429 quendam
1576 378 1656 414 ata-

101 449 186 489 m
210 455 285 501 pet·
305 442 663 499 incorruptionem,
708 442 849 498 quibus
882 442 1065 495 libuerit,
1107 442 1295 498 singulari
1320 442 1486 498 quodam
1513 440 1659 482 benefl-

99 510 299 566 &lat-go
321 511 568 568 benigneque
589 511 849 553 concesserit.
912 509 1040 565 Quem
1066 510 1219 566 quidem
1250 508 1555 565 incorruptionis
1580 516 1659 550 sta·

100 586 187 625 ω
210 593 293 623 nou
319 594 375 623 ex
404 580 638 636 incorporea
674 579 804 636 aliqua
839 586 1004 629 natura,
1052 579 1121 620 sed
1158 593 1211 620 ex
1241 578 1334 619 boni
1369 585 1407 619 et
1439 577 1659 619 affectionis

102 648 233 693 ..nia
252 648 432 706 expertis
452 648 514 690 dei
542 647 726 704 largitate
751 654 1062 703 consequuntur.
1126 645 1240 702 Quod
1268 654 1397 688 aulem
1431 647 1570 687 unicus
1595 645 1657 686 dei

100 715 207 762 flis-
226 716 269 760 in
290 730 412 760 carue
433 716 487 758 sit
513 730 676 773 passus,
720 716 863 758 nnllam
895 716 997 758 istud
1023 716 1061 756 in
1083 715 1208 771 ipsius
1236 714 1480 756 divinitatem
1506 713 1657 770 passio-

102 785 469 830 ae-tnmtundit.
531 783 777 841 Quamquam
806 784 899 827 illud
931 790 1039 826 recta
1071 784 1167 825 fides
1196 798 1244 824 ac
1274 783 1431 825 sincera
1463 782 1657 839 professio

101 854 244 908 occet,
286 854 350 896 dei
386 853 574 906 verbum,
618 854 720 909 quod
753 867 824 909 per
845 867 936 895 sese
971 852 1049 909 pati
1081 851 1176 894 nibil
1209 859 1364 908 potest,
1407 851 1657 893 nihilominus

104 934 199 967 Onu
222 934 396 981 paum-
460 921 565 964 idem
602 935 720 977 porro
753 922 890 964 eadem
928 921 1013 978 ipsa
1043 919 1213 978 patiendi
1245 920 1339 962 nihil
1368 920 1408 962 in
1433 920 1657 962 conditione

104 989 347 1049 par-uait,
388 991 523 1032 necin
544 998 685 1032 natura
716 1004 787 1033 sna
809 989 1036 1032 mutationis
1065 988 1209 1045 aliquid
1234 996 1301 1031 aut
1321 988 1561 1030 diversitatis
1587 1002 1659 1029 ex·

104 1065 245 1117 ,uus
276 1065 356 1102 eut.
417 1057 684 1114 Quamobrem
721 1057 788 1100 ille
818 1057 883 1114 qui
913 1057 1107 1115 sapientia
1138 1072 1186 1099 ac
1219 1059 1316 1099 deus
1349 1064 1434 1099 erat
1463 1057 1658 1113 passionis

105 1127 238 1171 o-ia
256 1139 433 1184 expers,
465 1141 553 1169 cum
577 1127 761 1183 patiendo
784 1127 906 1169 sciret
929 1140 974 1168 se
994 1140 1064 1168 eos
1085 1126 1337 1168 liberaturum
1361 1140 1452 1168 esse
1468 1126 1533 1181 qni
1554 1140 1659 1168 mor-

109 1202 188 1238 to·
210 1195 481 1253 patiebantur,
514 1210 592 1237 non
620 1195 790 1251 legatum
814 1195 960 1246 ullum,
993 1209 1072 1237 non
1094 1195 1276 1250 angelum
1302 1194 1429 1247 misit,
1463 1209 1542 1236 non
1570 1208 1659 1251 pro-

108 1263 249 1322 photas
268 1263 460 1320 donique,
491 1263 707 1306 cuiusmodi
730 1264 941 1305 adveutum
962 1278 1075 1306 suum
1101 1270 1423 1314 antecesserant,
1467 1263 1536 1305 sed
1555 1263 1659 1319 ipse-

109 1339 192 1375 -et
212 1331 394 1375 dominus
424 1333 558 1384 venit,
601 1346 646 1374 ac
671 1331 966 1388 perpessionem
995 1332 1050 1374 ita
1083 1333 1123 1373 in
1154 1346 1198 1374 se
1226 1332 1312 1388 ipso
1341 1345 1514 1388 vereque
1540 1332 1660 1374 susti-

108 1400 221 1453 nuit,
252 1406 297 1443 ut
313 1400 469 1442 interim
495 1414 642 1457 expers
669 1401 867 1456 passionis
890 1400 1110 1443 divinitas
1100 1415 1183 1456 ipsa
1205 1407 1470 1456 permaneret.
1533 1397 1659 1442 Cuius

108 1468 266 1526 quidun
285 1469 365 1510 vim
387 1482 435 1511 ac
457 1469 668 1525 potentiam
699 1468 794 1511 nibil
817 1468 1037 1511 incarnatio
1070 1468 1153 1525 ipsa
1178 1469 1371 1510 diminuit.
1430 1467 1538 1510 Nam
1562 1482 1659 1511 eun-

109 1536 230 1580 do·
216 1551 259 1579 tn
281 1535 486 1579 divinitate
508 1551 604 1589 sna,
639 1551 740 1593 quae
762 1538 823 1579 dei
852 1537 1010 1594 propria
1034 1544 1149 1588 sunt,
1182 1544 1445 1594 praestantem
1469 1537 1556 1579 sine
1579 1538 1658 1579 ullo

107 1605 242 1648 aar-'s
263 1605 541 1662 impedimento
565 1606 786 1656 cernimus,
819 1607 928 1648 velut
951 1621 1038 1648 cum
1064 1614 1215 1655 ventos,
1249 1621 1353 1647 mare
1373 1613 1412 1646 et
1426 1608 1577 1661 fluctus
1596 1610 1655 1647 in·
1674 1621 1736 1650 Lu
1738 1622 1788 1657 ‚a
1802 1624 1846 1652 ²⁴.

105 1681 260 1729 nque,
288 1688 374 1716 enar
393 1676 587 1715 Lacr-un«
603 1678 764 1729 propr-121
784 1675 1019 1717 auctoritate
1041 1681 1204 1727 evocat,
1237 1681 1278 1716 et
1298 1674 1449 1716 infinita
1472 1674 1546 1716 alia
1567 1657 1725 1731 pro—¹⁰⁸
1726 1666 1775 1686 '¹⁸'
1789 1658 1828 1686 η’

104 1741 260 1799 {igiosa
280 1756 329 1785 ao
348 1743 538 1800 stupenda
567 1743 739 1785 molitur.
801 1742 1046 1799 Quamquam
1070 1743 1224 1785 interim
1251 1743 1431 1799 quicquid
1457 1750 1543 1785 erat
1564 1758 1658 1786 con-

108 1817 341 1854 sentaneum
367 1811 522 1868 corpori
553 1812 761 1854 tribuebat.
822 1810 926 1854 Nam
955 1819 995 1854 et
1017 1811 1170 1853 diabolo
1196 1819 1349 1854 tentare
1373 1812 1574 1869 permisit,
1618 1819 1657 1854 et
1693 1817 1844 1848 mah-⁴·

110 1878 332 1922 bominibus
351 1881 543 1931 caedere,
577 1887 613 1922 et
643 1881 702 1922 bis
728 1879 793 1936 qui
819 1881 1200 1937 comprehendebant
1225 1894 1389 1937 capere,
1432 1888 1473 1922 ut
1497 1881 1535 1922 in
1562 1881 1658 1937 pati·

110 1946 178 1990 bili
205 1954 344 1991 natura
379 1948 575 2005 passionis
608 1962 755 2006 expers
781 1956 1005 2005 pateretur,
1049 1956 1090 1991 et
1116 1949 1273 1991 interim
1299 1949 1337 1991 in
1363 1963 1434 1991 sua
1456 1949 1658 1991 divinitate

112 2014 308 2073 passionis
341 2029 488 2073 expers
525 2024 726 2069 maneret,
774 2032 852 2059 non
888 2018 1042 2059 alienus
1075 2032 1098 2060 a
1133 2018 1328 2074 passionis
1363 2025 1528 2075 experte
1564 2018 1654 2069 deo,

110 2084 184 2127 aed
207 2083 339 2127 omnia
364 2084 553 2140 singulari
578 2086 744 2141 quodam
776 2092 816 2127 et
840 2085 1057 2128 admirabili
1082 2086 1273 2143 mysterio
1299 2093 1438 2143 suapte
1457 2086 1658 2129 voluntate

110 2151 348 2210 nsipiens.
408 2151 744 2210 Quemadmodum
765 2160 806 2196 et
826 2161 937 2210 pater
959 2155 1056 2197 deus
1076 2168 1163 2197 cum
1186 2155 1390 2210 unigenito
1410 2155 1495 2212 ipso
1515 2169 1562 2197 ac
1580 2155 1659 2211 spi-

110 2220 191 2264 ritu
221 2228 383 2275 sancto;
430 2235 531 2278 quae
563 2222 718 2277 quidem
760 2223 960 2278 perfecta,
1010 2229 1050 2265 et
1080 2223 1275 2280 passionis
1308 2237 1453 2281 expers
1484 2223 1655 2273 trinitas,

110 2302 269 2347 unaque
298 2289 483 2332 divinitas
516 2290 701 2332 universa
734 2290 1028 2347 complectitur,
1073 2292 1170 2334 deus
1195 2306 1320 2345 unus,
1364 2306 1411 2335 ac
1437 2292 1658 2334 dominatus

114 2371 218 2402 uus
245 2358 484 2401 contineatis
514 2360 647 2401 omnia
677 2358 756 2401 dei.

226 2426 275 2470 ll.
333 2425 476 2483 Neque
500 2441 595 2469 vero
617 2427 718 2483 quod
741 2427 944 2470 continere
964 2428 1116 2471 dicatur
1135 2429 1287 2481 omnia,
1319 2429 1467 2471 idcirco
1489 2428 1658 2485 patiendi

113 2494 328 2539 conditioni
359 2495 588 2546 subiicitur,
635 2496 727 2537 licet
762 2509 863 2551 quae
892 2495 941 2538 ab
977 2497 1063 2553 ipso
1098 2497 1481 2554 comprehenduntur
1512 2497 1548 2539 ei
1582 2496 1659 2552 legi

110 2562 356 2609 abtum-nt.
417 2562 495 2606 Est
511 2563 614 2606 enim
634 2563 734 2605 intra
756 2564 888 2606 omnia
906 2570 947 2605 et
965 2571 1080 2606 extra
1098 2565 1227 2607 omnia
1248 2565 1521 2607 universorum
1543 2565 1656 2618 deus,

77 2639 242 2688 'neque
274 2638 404 2674 tamen
442 2646 529 2673 cum
567 2632 643 2674 ulla
672 2645 716 2674 re
746 2638 955 2674 concretus
982 2646 1029 2674 ac
1059 2633 1304 2689 permixtus,
1345 2646 1398 2675 ex
1432 2647 1509 2688 quo
1544 2633 1588 2675 sn
1618 2641 1660 2677 ut

108 2712 244 2757 >nequo
277 2701 379 2757 quod
415 2699 558 2756 ubique
589 2700 666 2751 sit,
711 2713 836 2755 neque
863 2700 964 2755 quod
989 2707 1104 2743 extra
1129 2701 1260 2743 omnia
1283 2700 1357 2752 sit,
1401 2714 1527 2757 neque
1556 2702 1657 2757 quod

115 2767 418 2825 comprehendat
444 2768 598 2820 omnia,
641 2782 766 2825 neque
798 2768 899 2824 quod
930 2767 967 2809 in
991 2767 1075 2823 ipso
1099 2769 1283 2810 universa
1310 2776 1565 2821 moveantur,
1609 2770 1658 2812 ob

114 2833 155 2878 id
185 2836 263 2892 pati
288 2836 480 2894 quicpiam
517 2836 803 2879 existimandus
828 2836 879 2879 sit
905 2835 1087 2878 immunis
1121 2837 1170 2877 ab
1195 2836 1299 2878 omni
1328 2836 1498 2893 patiendi
1524 2838 1658 2881 condi-

114 2901 222 2946 tione
242 2903 355 2948 deus.
414 2902 529 2948 Sicut
549 2918 622 2948 nec
642 2904 824 2962 idipsum,
857 2905 957 2960 quod
978 2904 1133 2946 unicum
1156 2903 1272 2946 tilium
1296 2904 1447 2960 genuit,
1479 2906 1658 2963 qnodque

116 2970 256 3015 unicus
278 2972 343 3015 ille
364 2973 519 3028 genitus
542 2980 627 3025 est,
659 2981 727 3015 aut
746 2973 847 3029 qnod
868 2979 1026 3014 sanctus
1048 2971 1134 3014 eius
1154 2972 1315 3028 spiritus
1337 2973 1506 3017 emissus
1526 2983 1588 3017 est
1607 2975 1657 3017 ab

117 3036 227 3096 ipso,
269 3039 383 3083 ullam
412 3042 684 3085 sanctissimae
717 3041 879 3085 trinitati
912 3040 1157 3084 affectionem
1184 3040 1343 3084 inferet.
1405 3039 1557 3101 Quippe
1583 3057 1657 3087 nec
