1976 3262
461 196 646 231 numu
668 196 754 230 ua.
771 196 831 231 m.
853 197 964 231 Tou.
985 198 1011 231 t.
1036 197 1170 231 nana.
1195 197 1308 231 Lxx.
1610 190 1665 232 29

105 276 432 333 ,astinenum
473 289 576 318 neve
607 275 769 318 dissidia
801 282 918 330 atque
952 276 1178 331 opinionum
1216 276 1486 318 dissensiones
1515 277 1667 319 existe-

111 351 219 390 rent.
279 343 452 387 Auiani
474 357 572 385 vcro
594 357 682 385 cum
704 343 871 399 apostoli
902 342 1007 384 illius
1031 344 1178 385 decreti
1205 357 1365 386 sensnm
1394 343 1553 386 minime
1579 359 1668 401 per-

111 411 496 469 »ὀμῃιιμςιοο
517 409 582 453 sic
612 411 712 465 apud
745 423 790 451 se
821 410 1066 465 cogitarunt,
1111 409 1262 453 Pascha
1295 410 1524 454 ludaeorum
1557 426 1667 454 more

105 478 390 524 debr-udum
420 477 564 520 videri.
625 476 752 520 Porro
786 484 875 533 post
906 478 1228 519 constitutionem
1261 478 1365 520 illam
1396 479 1617 535 quindecim
1643 493 1667 522 c

112 545 416 591 mactato-c
438 545 612 602 episcopi
638 546 820 597 fuerunt,
864 544 980 600 idqne
1004 543 1318 602 Hierosolymis,
1348 561 1512 603 qnorum
1533 554 1668 589 ancto-

113 613 270 657 ritata-
291 610 543 658 Christiauns
567 613 695 655 omnis
717 612 825 654 orbis
849 612 978 667 sequi,
1010 620 1051 653 et
1073 627 1159 654 cum
1187 613 1262 655 illis
1288 616 1491 656 celebrare
1515 613 1666 657 Pascha

107 681 274 734 doh-325
313 694 392 724 m
422 689 463 724 ut
490 681 663 723 omnium
687 680 923 731 concordia,
966 693 1042 721 una
1069 681 1286 736 professio,
1327 697 1403 723 una
1427 684 1666 724 celebritatis

106 748 320 801 abunda·
340 749 443 791 ratio
466 762 513 790 ac
530 749 775 790 consuetudo
800 748 1039 789 firmaretur.
1105 746 1229 803 lgitur
1249 750 1295 789 ad
1329 749 1526 791 hominnm
1559 765 1668 792 men-

110 823 181 870 §a
199 816 241 860 in
262 830 379 860 aaa·
404 817 599 858 ecclcsiae
622 817 878 866 societatem,
921 829 1022 871 quae
1054 821 1164 857 tanto
1194 817 1382 872 temporis
1413 818 1539 872 spatio
1570 833 1669 860 non-

16 900 30 913 ·
114 883 206 930 d-
238 884 409 928 obtineri
430 891 637 941 potuerat,
679 883 970 935 conciliandas,
1014 890 1166 940 patrum
1205 883 1359 925 illorum
1388 899 1480 926 cura
1503 885 1667 940 diligen-

114 951 272 1009 tin-0,
314 966 394 995 no·
429 951 518 995 sine
551 952 614 993 dei
649 958 771 1003 nutu,
818 949 1072 994 Constantini
1103 952 1343 1008 temporibus
1372 953 1561 995 inrubuit.
1625 952 1668 996 ln

110 1019 400 1078 ,Amabam
434 1033 534 1062 vero
554 1017 916 1062 Constitutionihus
941 1020 988 1061 ad
1014 1021 1261 1061 concordiam
1285 1021 1446 1076 perinde
1469 1022 1669 1063 decretum

114 1086 211 1131 ill-l
234 1088 422 1145 prtinet.
483 1085 526 1130 ld
546 1088 648 1143 quod
669 1088 724 1130 illi
750 1088 823 1143 ipsi
851 1094 1047 1130 testantur
1074 1087 1133 1129 his
1156 1087 1305 1139 verbis,
1339 1088 1531 1143 Quamvis
1557 1091 1670 1131 aher-

116 1162 210 1199 nat
227 1153 322 1212 ipsi,
354 1155 452 1198 nihil
476 1155 513 1197 id
534 1170 608 1197 vos
632 1163 896 1197 commoveat.
958 1153 1145 1197 Ceterum
1171 1169 1224 1197 ex
1249 1156 1314 1207 iis,
1347 1170 1446 1212 qnae
1471 1158 1609 1199 eodem
1632 1158 1671 1199 in

117 1221 219 1265 tibi-o
240 1221 387 1280 scripta
409 1230 524 1273 aunt,
559 1224 730 1265 Audiani
761 1223 944 1265 facillime
970 1225 1238 1265 confutantur.
1303 1223 1441 1266 lubi-nt
1473 1225 1575 1266 enim
1603 1239 1672 1266 eo-

117 1289 206 1333 de-
238 1289 279 1332 in
308 1290 396 1332 loco
438 1291 568 1332 medio
604 1291 848 1347 Azymorum
885 1298 1061 1347 tempore
1095 1291 1343 1347 pervigilium
1378 1292 1505 1336 obire.
1585 1293 1673 1335 Hoc

117 1364 248 1401 aute·
283 1357 323 1400 in
360 1358 632 1401 ecclesiastica
673 1367 890 1416 temporum
927 1359 1204 1416 supputatione
1237 1359 1324 1402 fieri
1364 1368 1553 1418 perpetuo
1591 1376 1670 1403 non

118 1431 265 1483 poten.

233 1492 333 1536 'ru-ia
364 1501 458 1536 sunt
479 1495 582 1536 enim
604 1495 814 1551 praecipue
839 1494 980 1550 quibus
1000 1492 1208 1537 Paschatis
1239 1496 1448 1538 celebritas
1473 1496 1670 1552 alligatur.
1692 1501 1771 1546 Cap·
1788 1502 1848 1535 ΧΙ.

108 1558 236 1609 'Solia
250 1561 433 1619 inprimis
462 1577 628 1614 cursus,
668 1571 829 1618 propter
852 1563 1086 1605 dominicam
1107 1578 1154 1605 ac
1178 1578 1369 1606 mensem.
1432 1564 1538 1607 Tum
1557 1566 1673 1607 lunae

112 1629 438 1690 ifle-eumn,
482 1630 598 1686 idque
621 1638 782 1687 propter
805 1631 933 1686 legem
958 1645 1059 1686 quae
1084 1631 1234 1674 decima
1259 1639 1398 1688 quarta
1421 1633 1514 1675 luna
1536 1633 1675 1675 immo-

117 1697 193 1747 Μ
219 1695 378 1744 Panna·
412 1698 618 1755 praecipit.
693 1697 830 1754 ltaque
866 1711 993 1754 neque
1029 1699 1222 1741 celebrari
1245 1708 1363 1742 antea
1397 1708 1526 1756 potest
1559 1716 1674 1756 qnam

117 1765 408 1823 qai-octium
429 1767 650 1809 confectum
675 1766 743 1818 sit,
776 1767 879 1821 quod
906 1764 1037 1808 ludaei
1066 1781 1311 1823 nequaquam
1337 1768 1567 1819 observant,
1602 1783 1674 1810 nec

118 1839 344 1881 amnt·-
374 1833 450 1876 hoe
471 1834 511 1876 in
534 1834 694 1890 negotio
719 1835 912 1876 rationem
944 1834 1044 1876 inire
1068 1836 1252 1887 student3
1295 1836 1395 1892 apud
1416 1851 1515 1891 quos
1537 1838 1674 1893 depra-

121 1908 282 1947 vatam
301 1901 527 1959 perturbata
552 1910 647 1944 sunt
671 1903 818 1944 omnia.
881 1901 1031 1944 Verum
1058 1902 1149 1944 licet
1174 1910 1308 1945 tantae
1331 1904 1574 1960 quaestionis
1600 1913 1676 1946 tam

121 1969 176 2013 ait
195 1975 341 2012 exacta
361 1970 536 2022 decisio,
579 1985 658 2012 non
693 1978 823 2012 tamen
849 1970 898 2012 ob
918 1970 1110 2012 eiusmodi
1133 1971 1404 2026 quaestionem
1431 1979 1678 2014 accuratam-

122 2050 199 2094 «με
228 2038 448 2088 rationem,
491 2039 561 2080 sed
593 2038 643 2080 ob
676 2052 791 2080 unam
818 2038 1069 2080 concordiam
1101 2039 1198 2080 haec
1221 2039 1270 2081 ab
1295 2040 1483 2096 apostolis
1505 2056 1677 2098 pronun-

122 2105 218 2149 tiata
248 2111 357 2150 aaut.
418 2103 535 2160 Quod
572 2106 605 2148 si
628 2106 691 2148 vel
714 2120 801 2148 cum
825 2103 976 2149 Christi
998 2106 1200 2159 hostibus,
1244 2114 1286 2148 ut
1310 2108 1365 2149 illi
1391 2115 1551 2164 putant,
1583 2123 1677 2165 apo-

123 2172 216 2216 stoli
238 2173 517 2216 celebrandum
540 2187 629 2216 esse
650 2171 804 2216 Pascha
825 2181 1088 2224 censuerunt,
1122 2182 1268 2229 quanto
1293 2176 1417 2230 magis
1442 2178 1489 2218 ad
1515 2178 1677 2219 eandem

122 2239 369 2285 mumdum
395 2242 698 2284 consensionem
721 2256 807 2284 cum
833 2242 1002 2284 ecclesia
1028 2242 1232 2284 celebrare
1263 2245 1465 2296 convenit,
1499 2258 1548 2286 ne
1572 2245 1677 2286 illius

125 2308 338 2352 eoneoedia
370 2308 596 2351 laceretur?
655 2308 826 2365 Quinam
860 2309 982 2365 igitur
1011 2303 1112 2351 istud
1137 2309 1240 2352 effici
1265 2314 1420 2367 potest?
1479 2311 1548 2355 Sic
1573 2312 1677 2353 enim

125 2375 244 2420 iidc-
275 2377 444 2433 apostoli
477 2376 744 2434 praecipiunt:
786 2376 889 2420 Dum
914 2377 1121 2434 epulantur
1141 2377 1222 2429 illi,
1265 2393 1338 2421 vos
1362 2380 1583 2422 ieiunantes
1606 2393 1678 2435 pro

124 2443 204 2488 illia
222 2445 371 2501 lugete,
421 2446 605 2501 quoniam
628 2446 729 2487 festo
749 2444 816 2487 illo
837 2443 900 2486 die
920 2442 1122 2487 Christum
1155 2445 1194 2487 in
1228 2460 1385 2488 crucem
1416 2448 1675 2489 sustulerunt.

128 2509 309 2569 Cumque
330 2513 387 2555 illi
408 2513 587 2568 lugentes
613 2513 779 2569 Azymis
810 2519 852 2554 et
873 2512 1037 2555 lactucis
1070 2514 1294 2569 agrestibus
1324 2522 1561 2566 vescentur,
1605 2528 1677 2556 vos

129 2579 357 2637 epulamini.
427 2578 616 2623 Ceterum
639 2594 917 2635 nonnunquam
938 2581 1104 2633 accidit,
1149 2590 1189 2623 ut
1210 2582 1401 2624 dominica
1422 2583 1485 2624 die
1510 2581 1680 2639 Azymis

126 2653 304 2692 utantur.
363 2647 614 2691 Advenientc
636 2648 776 2704 quippe
799 2648 1017 2690 dominicae
1039 2663 1206 2705 vespera
1229 2648 1378 2691 Pascha
1402 2664 1516 2692 sunm
1541 2650 1680 2692 immo-

128 2714 211 2758 lare
244 2722 424 2772 possunt.
498 2714 604 2758 Nam
636 2723 724 2773 post
756 2728 960 2771 vesperam
999 2718 1213 2772 praeterito
1246 2717 1411 2759 sabbato
1443 2732 1542 2774 opus
1576 2718 1678 2760 istud

128 2781 226 2840 ipaia
246 2795 442 2826 exercere
471 2798 549 2826 non
579 2784 686 2826 licet.
749 2781 1009 2838 Posteaquam
1042 2783 1163 2839 igitur
1190 2785 1522 2838 sacrificaverint,
1565 2786 1598 2828 si
1632 2787 1680 2828 ad

130 2849 266 2907 epulas
293 2857 559 2907 consurgunt,
600 2865 673 2894 nos
695 2850 928 2893 dominicam
954 2850 1056 2893 diem
1087 2866 1255 2907 quonam
1283 2859 1396 2908 pacto
1422 2852 1529 2895 luctu
1552 2867 1600 2895 ac
1622 2853 1680 2895 ic-

130 2960 348 3053 mid
365 2963 886 3053 {muozzeoepwhtutmw
975 2963 1008 2999 3.
1034 2959 1088 2999 ὅτι
1107 2965 1193 2998 abeat
1211 2973 1233 2997 α
1256 2965 1324 2999 ood-
1347 2965 1477 3008 My.

323 3019 371 3045 m
595 3020 665 3044 dm
830 3033 839 3040 .
