2020 3276
431 183 615 217 rmanu
641 183 726 217 nte.
746 183 807 217 111.
828 183 942 217 τοΜ.
960 185 985 217 ¹.
1008 183 1142 217 naen.
1160 183 1323 217 Lxxw.
1573 175 1655 218 19¹1

97 262 297 316 ὕοι-ο,
328 277 429 320 quae
454 263 502 305 ad
530 262 875 319 contemplationis
900 262 1158 305 imitationem
1182 264 1367 319 pertinet.
1429 260 1568 319 Quare
1587 263 1656 305 ad·

96 343 240 375 maa
257 330 459 384 Arianos,
501 331 568 388 qni
590 330 653 373 dei
678 331 796 373 lilium
819 337 995 372 creatum
1024 345 1115 372 esse
1140 339 1297 387 putant,
1338 331 1444 374 iltius
1468 331 1656 386 procede-

94 399 164 444 Η
180 399 301 443 ntia.
360 398 475 443 Unde
508 406 671 457 postea,
719 414 807 441 eum
833 398 882 441 ab
906 399 1070 441 Arianis
1099 398 1197 455 ipsis
1223 400 1296 441 hoc
1322 408 1386 442 est
1406 399 1594 443 Eudoxio
1616 407 1657 442 et

94 464 351 526 Bul-ophilo,
381 482 431 510 ιο
454 468 640 524 reliquis,
672 466 950 510 commuuione
974 466 1150 523 privatus
1172 474 1303 519 esset,
1335 469 1496 510 eosdem
1519 482 1655 511 coram

94 536 334 593 iqoeatore
357 537 582 593 redarguit,
625 550 813 578 asserens
835 536 936 578 idem
961 550 1006 578 se
1029 535 1204 592 profiteri
1225 550 1272 577 ac
1295 537 1445 579 sentire
1468 553 1556 580 enm
1577 538 1655 581 illia

93 605 291 649 andban-
353 603 527 657 Verum,
560 605 784 662 inquiebat,
817 605 918 660 quod
940 618 1062 661 penes
1086 618 1147 646 me
1171 618 1307 645 verum
1334 613 1419 656 est,
1451 606 1516 648 isti
1540 607 1655 649 dissi-

92 673 267 726 nabat,
307 679 349 715 et
372 674 475 730 quod
495 687 572 730 ego
600 688 693 730 prae
715 688 777 715 me
806 674 915 724 fero,
959 687 1007 714 ac
1031 672 1154 728 palam
1181 673 1395 724 confiteor,
1435 674 1491 716 illi
1516 689 1655 718 omnes

92 756 175 786 non
196 741 431 794 diffitentur,
475 743 545 784 sed
576 742 848 784 fraudulenter
879 741 1085 796 obtegunt.
1148 739 1306 782 Etenim
1331 742 1397 797 qui
1428 749 1507 784 tum
1530 742 1655 801 impe·

91 809 230 863 nbat,
271 810 322 853 ab
345 810 495 853 Ariana
531 811 596 853 illa
630 810 831 866 tragoedia
863 823 1107 866 nequaquam
1143 809 1408 862 abhorrebat,
1447 811 1583 854 sedin
1605 825 1652 854 ea

93 879 238 923 tae-da
270 879 455 936 pietatem
478 893 524 921 ac
546 879 777 934 religionem
810 878 942 920 inesse
966 877 1041 919 sibi
1067 884 1336 934 persuaserat.
1399 875 1584 936 idemque
1608 880 1653 923 li-

92 947 189 990 tta-
214 954 437 990 areaturam
473 962 564 990 esse
594 947 670 989 dici
702 947 906 989 molestius
940 947 1114 998 ferebat,
1157 946 1399 1003 proindeque
1428 946 1590 990 Aetium
1612 948 1651 991 in

93 1015 258 1059 exiliata
288 1015 458 1071 relegari
489 1015 630 1065 iussit,
663 1023 704 1057 ut
735 1022 853 1057 antea
885 1015 1151 1057 narravimus,

205 1082 311 1126 niae
330 1098 459 1126 novae
483 1084 660 1126 haeresis
683 1084 892 1141 primordia
916 1083 1083 1125 conflata
1106 1091 1222 1135 sunt,
1254 1091 1372 1140 atque
1391 1098 1444 1126 ex
1470 1084 1543 1126 hoc
1566 1099 1646 1127 uno
1673 1095 1753 1141 cap.
1777 1097 1831 1130 tv.

92 1159 325 1208 argumento
343 1153 591 1207 multiplicem
617 1154 665 1194 ad
688 1153 878 1194 malorum
901 1159 1077 1207 segetem
1112 1152 1300 1194 baeretici
1328 1152 1497 1195 bominis
1520 1154 1652 1196 subla-

6 1229 10 1234 ’
92 1229 158 1264 un
173 1220 329 1263 nai-as
349 1228 425 1263 tam
448 1220 521 1263 sibi
544 1235 659 1276 quam
679 1220 762 1263 suis
781 1220 1055 1276 gravissimam
1074 1221 1225 1277 plagam
1246 1221 1405 1263 inflixit.
1467 1219 1545 1277 Qui
1565 1222 1651 1278 qui-

90 1291 178 1333 dc-
199 1283 353 1332 ⁴«titanes
387 1297 534 1331 tantam
567 1290 613 1330 ad
649 1289 880 1331 caecitatem
912 1288 1241 1345 insolentiamque
1276 1290 1453 1346 provecti
1488 1299 1581 1332 sunt
1607 1299 1651 1334 ut

90 1358 183 1401 itt-d
214 1357 334 1413 vulgo
365 1357 579 1408 iactat-ent,
625 1357 727 1399 Tam
764 1356 970 1414 perspicue
1001 1358 1114 1400 deum
1148 1357 1264 1407 novi,
1309 1372 1357 1399 ιο
1378 1365 1523 1400 tantam
1546 1359 1648 1402 illius

89 1425 269 1469 notitiam
290 1439 376 1468 sum
400 1434 663 1477 consecutus,
711 1433 750 1467 ut
780 1440 829 1467 ne
852 1427 1040 1481 meipsum
1062 1426 1216 1481 quidem
1236 1426 1378 1468 melius
1398 1441 1512 1483 quam
1533 1428 1648 1469 deum

87 1493 285 1537 neverim.
358 1492 463 1537 Sunt
497 1502 537 1535 et
570 1493 646 1536 alia
686 1493 968 1550 quamplurima
1006 1508 1108 1550 quae
1141 1495 1190 1536 de
1225 1495 1364 1536 eodem
1404 1495 1645 1552 accepimus,

86 1563 409 1620 que-admodum
432 1577 502 1620 per
522 1562 628 1604 illum
653 1562 832 1604 diabolus
857 1562 1043 1604 maiorem
1069 1562 1108 1604 in
1134 1564 1290 1605 modum
1311 1563 1350 1605 id
1373 1564 1500 1619 egerit
1521 1571 1560 1606 ut
1581 1579 1648 1606 ca-

86 1638 214 1689 ptatae
247 1630 447 1674 bominum
478 1631 630 1673 animas
657 1631 696 1672 in
721 1630 886 1673 exitium
915 1631 1103 1673 traheret.
1165 1629 1322 1673 Etenim
1346 1632 1450 1674 nulla
1474 1633 1575 1690 apud
1600 1633 1648 1675 il·

85 1700 146 1743 ha
165 1713 261 1742 eura
283 1700 610 1752 sanctitatis-est,
642 1706 709 1740 aut
734 1698 994 1751 ieiuniorum,
1026 1707 1094 1742 aut
1118 1701 1390 1742 mandatorum
1413 1701 1502 1753 dei,
1537 1709 1647 1744 cete·

85 1781 271 1812 earu-ve
305 1782 437 1811 rerum
474 1782 575 1824 quae
609 1767 834 1810 bominibus
860 1768 994 1809 divino
1028 1769 1209 1810 mandato
1235 1769 1501 1826 praescriptae
1534 1778 1643 1813 sunt.

89 1836 223 1894 Atque
243 1837 291 1879 ad
317 1836 448 1879 omnia
479 1851 597 1879 unum
618 1837 657 1879 in
684 1843 862 1893 promptu
885 1836 1048 1879 verbum
1073 1836 1150 1878 illis
1172 1844 1250 1879 est.
1312 1835 1357 1879 ln
1379 1853 1457 1894 quo
1482 1839 1645 1896 perinde

86 1905 164 1948 itti·
183 1904 335 1948 accedit
356 1919 404 1948 ιο
429 1905 630 1961 naviganti
651 1905 793 1956 alicui,
827 1905 891 1961 qui
916 1905 1111 1948 eiectione
1133 1905 1322 1948 mercium
1343 1906 1515 1948 oninium
1542 1908 1644 1950 tacta

84 1972 280 2032 quidpiam
307 1986 443 2015 eorum
473 1988 572 2030 quae
595 1973 633 2016 in
658 1988 798 2016 navem
820 1974 999 2031 imposita
1024 1982 1117 2016 sunt
1138 1976 1371 2027 retinuerit,
1414 1982 1505 2032 puta
1527 1976 1644 2018 fictile

83 2042 240 2100 aliquod
263 2056 357 2094 vas,
389 2049 456 2085 aut
480 2041 642 2084 alterius
662 2043 840 2098 generis,
873 2043 986 2084 cuius
1013 2042 1210 2099 praesidio
1236 2051 1358 2086 totum
1383 2058 1491 2086 mare
1513 2045 1644 2086 nando

84 2110 292 2163 traiicere,
334 2124 383 2153 ιο
407 2111 573 2153 salutem
605 2125 837 2167 comparare
868 2111 943 2153 sibi
976 2112 1121 2167 possit:
1164 2111 1228 2168 qui
1260 2111 1294 2155 si
1320 2112 1451 2168 aliquo
1474 2114 1644 2155 fortasse

84 2193 180 2222 eaau
212 2179 430 2231 exciderit,
476 2192 603 2234 neque
633 2192 687 2221 ex
713 2179 781 2221 illo
812 2194 908 2221 vase
931 2194 1045 2235 quem
1071 2180 1255 2236 sperabat
1277 2180 1427 2223 exitum
1454 2182 1642 2237 consequi

86 2247 280 2306 potuerit,
323 2254 402 2290 tum
428 2261 526 2288 vero
548 2247 727 2290 fluetibus
752 2247 913 2290 haustus
937 2256 1060 2290 totum
1083 2248 1157 2290 hoc
1183 2250 1382 2303 negotium
1407 2265 1493 2291 cum
1516 2251 1644 2292 salute

85 2315 366 2374 pessumdabit.
430 2313 499 2358 Sic
523 2316 662 2358 Aetius
685 2317 846 2372 eiusque
869 2324 1090 2359 sectatores
1115 2317 1309 2359 Anomoei
1336 2319 1436 2372 quod
1460 2321 1497 2359 in
1521 2332 1642 2359 evan·

83 2385 188 2441 ‘elio
211 2385 355 2427 dictum
385 2398 406 2426 a
429 2384 587 2426 domino
616 2384 759 2438 legitur
788 2384 1000 2427 afferentes
1028 2385 1065 2427 iu
1091 2386 1286 2438 medium,
1331 2386 1462 2428 verbis
1486 2386 1640 2442 quidem

83 2452 181 2510 ipsis
209 2460 394 2503 utuntur,
438 2454 507 2494 sed
541 2466 676 2494 eorum
715 2452 794 2493 vim
829 2467 916 2494 eum
953 2461 1062 2495 reete
1094 2468 1171 2495 nou
1203 2454 1444 2509 intelligant,
1487 2455 1641 2510 utrique

83 2521 340 2566 vehementer
376 2522 578 2563 aberrant.
650 2517 751 2563 Cum
781 2520 885 2562 euim
918 2535 1133 2564 occurrens
1166 2523 1214 2564 iis
1247 2522 1388 2578 aliquis
1419 2522 1641 2564 divinorum

82 2597 380 2647 praeceptorum
415 2590 652 2632 mentionem
692 2588 841 2639 inficit,
886 2602 941 2631 ex
973 2589 1077 2632 illius
1115 2591 1350 2632 auctoritate
1383 2591 1474 2632 dicti
1515 2590 1638 2633 subii·

81 2657 206 2710 ciunt,
239 2657 333 2701 nihil
352 2657 455 2701 aliud
475 2672 497 2699 a
521 2658 634 2700 nobis
657 2658 834 2712 flagitare
853 2657 967 2700 deum
990 2672 1104 2715 quam
1124 2666 1165 2700 ut
1184 2673 1469 2715 cognoscamus
1486 2659 1629 2717 ipsum,

83 2726 405 2783 quemadmodum
433 2723 618 2769 Christus
639 2725 851 2767 declaravit
876 2725 935 2767 bia
958 2726 1115 2769 verbim
1157 2731 1216 2768 Da
1239 2730 1353 2781 ἱρείε,
1391 2732 1530 2782 pater!
1569 2731 1754 2772 hfl·1mn.
1767 2743 1847 2776 im.

87 2795 176 2836 bare
195 2798 236 2836 ἐκ
254 2797 390 2849 seipsis
408 2798 548 2836 vetum.-
593 2797 686 2835 haec
705 2802 764 2834 est
784 2802 907 2835 πηίου
933 2798 1033 2843 υίω,
1067 2803 1110 2835 ιιι
1130 2804 1364 2848 cognoscunt
1384 2804 1420 2837 te
1437 2799 1558 2838 sotum
1581 2813 1642 2839 ve-

128 2885 162 2921 3.
184 2886 309 2929 μᾶλλον
331 2887 455 2919 nce-tn
476 2888 600 2920 {vietum
626 2887 790 2921 Patavina.
935 2884 967 2919 7.
1001 2887 1143 2919 Fortasse
1181 2889 1307 2940 χιιρας.
1368 2889 1639 2929 Quemadmodum

129 2927 638 2972 4.Εα·ῑιιιικαὶόςδανῶς.
888 2930 1166 3019 μιτὰἒιίραςλα
1228 2929 1637 3011 haume-aceruo.

189 2973 297 3063 φόεν
318 2977 380 3012 τοῦ
400 2973 552 3021 πορίσας
578 2978 669 3011 codd.
693 2987 768 3011 mss.

131 3018 166 3056 6.
191 3033 233 3065 νη
279 3022 452 3057 oseem
