2020 3276
127 2032 194 2061 pag.
214 2024 289 2054 1⁰³⁰.

317 214 398 257 396
882 224 1043 260 SANc'rl
1067 226 1292 260 ΕΡΙΡΗΑΝΠ

316 299 449 355 ψυχὴν
477 298 551 355 εἶχε
574 299 644 355 τὴν
667 299 942 357 ἀνθρωπείαν,
983 302 1031 347 οὗ
1055 303 1213 355 πάντως
1236 302 1316 348 ἀπὸ
1343 308 1414 349 τοῦ
1435 306 1527 357 νοός
1551 306 1858 363 ήχμαλωτεύετο.

317 371 374 410 Εἰ
388 368 463 425 γάρ
482 366 506 411 o‘
524 367 621 411 κατά
636 369 758 423 φύσιν
776 372 878 414 ἴδιον
893 376 992 415 νοῦν
1011 374 1247 428 κεκτημένος
1264 371 1483 426 ἀπόστολος
1496 375 1565 419 τόν
1583 375 1858 434 ἀνθρόκινον,

314 438 381 479 καὶ
412 435 481 479 τόν
514 438 557 480 ἐκ
587 443 833 494 συμμετοχῆς
863 441 1014 496 δωρεᾶς
1045 441 1110 484 καὶ
1143 444 1380 498 χαρίσματος
1407 444 1474 486 καὶ
1501 442 1682 502 χάριτος,
1724 443 1858 490 odada

313 504 412 547 κατὰ
443 503 512 548 τόν
533 510 632 549 νοῦν
655 505 724 550 τόν
753 509 856 551 ἴδιον
877 507 1142 562 ἐπολιτεύετο,
1183 507 1260 552 ἀλλ’
1282 508 1576 572 ύπερβαινούσῃ
1598 514 1674 557 τινὶ
1697 512 1858 567 φύσεως

314 571 447 633 ἀγωγῇ
468 578 521 632 τῷ
543 578 719 631 Χριστοῦ
738 580 794 635 νῷ
811 583 1101 631 κατεκοσμεῑτο,
1131 576 1243 636 πόσῳ
1265 595 1309 635 γε
1328 583 1474 633 μᾶλλον
1494 578 1519 623 ό
1537 579 1636 632 θεὸς
1653 580 1784 639 λόγος,
1814 583 1860 627 ὃν

312 643 438 700 ἑαυτῷ
458 644 556 697 ἔχων
570 642 643 697 τήν
661 649 793 687 πᾶσαν
809 644 1040 700 τελειότητα,
1070 645 1311 697 αὐτοτέλειος
1329 646 1399 700 ὧν,
1429 647 1626 700 αὖτόθεος
1646 647 1717 703 ὃν,
1740 650 1860 695 αύτο-

316 709 507 765 δύναμις,
542 716 563 742 2
577 710 791 767 αύτόνους,
826 718 844 744 ⁸
859 711 1066 767 αύτόφως,
1107 715 1175 757 καὶ
1195 719 1267 757 τοῦ
1294 719 1369 758 νοῦ
1390 717 1459 759 καὶ
1481 715 1630 768 παντὸς
1650 721 1672 748 ⁴
1688 721 1761 762 τοῦ
1780 717 1860 763 σό-

315 796 438 833 ματος
465 778 672 835 πληρωτὴς
693 782 864 837 ἐγένετο,
906 786 1052 836 μᾶλλον
1075 783 1117 825 δὲ
1136 781 1357 838 τελειωτής,
1398 785 1467 827 καὶ
1488 786 1531 828 ἐν
1553 783 1677 830 ἅπασι
1700 785 1768 830 διά
1787 791 1859 842 τῆς

314 847 440 890 αὐτοῦ
473 848 667 905 ἕνσάρκου
702 852 924 906 παρουσίας
957 848 1052 904 ἡμῖν
1082 850 1127 894 τό
1163 850 1357 909 σωτήριον
1390 851 1657 910 ἐξειργάσατος
1728 858 1859 911 Παρε-

312 917 468 960 νεκτέον
489 920 623 961 τοίνυν
643 917 711 962 τόν
731 923 914 962 τοιοῦτον
932 919 1068 975 λόγον,
1099 917 1153 974 μὴ
1175 921 1311 974 ἔχοντα
1332 922 1503 975 ἔμφασιν
1522 922 1612 977 περὶ
1635 926 1707 978 τῆς
1726 923 1859 967 τοιαύ-

311 1002 380 1039 της
409 983 661 1037 ύποθέσεως,
702 988 772 1031 καὶ
803 988 1058 1044 παρενεκτέον
1091 986 1135 1030 τὸ
1170 986 1226 1043 μή
1263 986 1470 1045 ὁμολογεῖν
1502 988 1632 1040 πάντα
1663 992 1787 1036 τέλεια
1815 993 1858 1036 ἐν

315 1058 490 1113 Χριστῷ,
522 1053 618 1098 ἀνευ
639 1053 841 1112 άμαρτίας.
903 1054 1043 1098 Πάντα
1067 1055 1141 1112 γάρ
1165 1056 1370 1111 ἀληθινῶς
1391 1059 1573 1112 ἐποίησεν
1597 1057 1727 1103 ἐλθαῖν
1750 1057 1775 1103 ὅ
1792 1059 1858 1104 λό-

312 1140 400 1178 γος,
439 1121 488 1166 τά
510 1124 834 1179 προγεγραμμένα
861 1125 952 1180 περὶ
985 1129 1004 1154 ⁶
1019 1124 1144 1167 αὐτοῦ
1166 1130 1341 1178 τελειῶν,
1381 1125 1482 1168 κατά
1503 1124 1548 1170 τό
1573 1129 1856 1184 γεγραμμένον,

303 1190 412 1234 Ἰδού
432 1189 461 1246 ή
481 1193 686 1248 παρθένος
717 1193 758 1235 ἐν
782 1193 918 1248 γαστρὶ
940 1194 1036 1245 ἕξει,
1075 1194 1143 1236 καὶ
1167 1192 1216 1235 τά
1237 1195 1346 1249 ἑξῆς·
1386 1195 1427 1237 ἐν
1448 1191 1618 1254 ἀληθείᾳ
1642 1197 1858 1252 ἐγκυμονη-

312 1260 424 1310 θεὶς,
454 1262 522 1303 καὶ
545 1258 620 1303 οὐκ
640 1262 683 1304 ἐν
706 1259 884 1315 δοκήσει,
913 1261 1280 1316 συλλαμβανόμενος
1302 1264 1344 1306 ἐν
1364 1264 1498 1319 γαστρὶ
1519 1264 1563 1306 ἐν
1579 1262 1767 1323 ἀληθείᾳ,
1798 1266 1858 1308 ἐν-

309 1330 448 1382 δημῶν
474 1330 588 1385 σαρκὶ
610 1331 653 1372 έν
678 1329 860 1387 ἀληθείᾳ,
891 1328 1018 1383 σάρκα
1038 1331 1135 1384 ἔχων
1155 1331 1219 1373 καὶ
1245 1329 1380 1386 ψυχήν
1400 1332 1443 1374 ἐν
1462 1329 1643 1391 ἀληθείᾳ,
1671 1334 1739 1376 καὶ
1758 1337 1858 1377 νοῦν

311 1397 353 1439 ἐν
372 1394 559 1455 ἀληθείᾳ,
603 1398 671 1439 καὶ
693 1396 825 1439 πάντα
844 1399 883 1440 εἴ
895 1400 932 1440 τί
953 1399 1032 1441 ἐστι
1054 1397 1274 1455 ἅνθρωπος
1297 1401 1339 1442 έν
1363 1398 1554 1458 ἀληθείᾳ,
1595 1401 1715 1457 χωρὶς
1735 1398 1859 1458 ἀμαρ-

310 1467 405 1514 τίας.
466 1467 547 1508 Καὶ
567 1466 846 1522 γεγεννημένος
866 1467 910 1509 ἐκ
930 1472 1179 1522 παρθενικῆς
1197 1467 1346 1523 μήτρας
1363 1469 1431 1510 καὶ
1450 1466 1565 1524 άγίας
1583 1470 1793 1526 παρθένου
1812 1471 1858 1514 ἐν

309 1532 500 1592 ἀληθείᾳ,
541 1534 616 1577 οὐκ
647 1536 690 1578 ἐκ
724 1535 948 1589 σπέρματος
976 1533 1142 1591 ἀνδρὸς,
1184 1537 1228 1579 ἐν
1252 1535 1422 1595 ἀληθείᾳ
1448 1537 1491 1580 δὲ
1512 1536 1641 1594 σάρκα
1669 1539 1858 1593 ἔχωνκαλ

308 1601 442 1657 ψυχὴν
463 1604 532 1645 καὶ
552 1607 670 1655 νοῦν,
711 1601 766 1652 ὦς
789 1605 916 1658 ἔφην,
956 1605 1024 1646 καὶ
1049 1602 1116 1647 διά
1135 1609 1213 1647 τῶν
1232 1610 1444 1648 τοκετικῶν
1465 1604 1604 1662 πόρων
1623 1607 1668 1650 ἐν
1688 1603 1859 1665 ἀληθείᾳ

313 1669 638 1727 θεῦρισκόμενος,
679 1673 746 1715 καὶ
773 1673 815 1714 ἐν
834 1670 967 1731 φάτνῃ
991 1673 1034 1715 ἐν
1058 1670 1226 1731 ἀληθείᾳ
1249 1672 1617 1730 σπαργανούμενος,
1661 1671 1740 1718 ὖπό
1762 1678 1859 1717 Μω-

307 1742 395 1795 ρίας
416 1739 726 1795 βασταζόμενος,
755 1741 824 1783 καὶ
849 1741 890 1783 ἐν
912 1738 1105 1799 Αἰγύπτῳ
1130 1740 1433 1796 κατερχόμενος,
1462 1742 1531 1785 καὶ
1552 1739 1622 1784 ἀπ’
1645 1740 1857 1799 Αἰγύπτου

307 1808 644 1864 μεταφερόμε-νος,
674 1810 744 1851 καὶ
765 1810 820 1859 εἰς
843 1809 1023 1862 Ναζαρὲτ
1043 1807 1397 1864 ἀναστρεφόμενος,
1428 1811 1495 1852 καὶ
1519 1811 1562 1853 ἐν
1573 1809 1760 1870 Ἰορδάνῃ
1781 1828 1855 1854 πα·

307 1876 585 1933 ραγενόμενος,
614 1878 680 1920 καὶ
706 1874 788 1920 ύπό
811 1875 996 1920 Ἰωάννου
1017 1877 1322 1932 βαπτιζόμενος,
1353 1879 1420 1921 καὶ
1442 1876 1522 1921 ὑπό
1547 1878 1751 1934 Διαβόλου
1773 1895 1856 1923 πει-

307 1946 541 2001 ραζόμενος,
571 1946 639 1988 καὶ
661 1943 847 2000 μαθητάς
871 1944 1122 2001 ἐκλεγόμενος
1145 1947 1188 1989 ἐν
1209 1946 1399 2004 ἀληθείᾳ,
1416 1948 1498 1990 ,καὶ
1519 1949 1719 2001 βασιλείαν
1738 1945 1858 2004 ούρα-

309 2019 391 2056 ναῖν
410 2014 604 2070 κηρύξας,
637 2011 690 2063 ὥς
710 2012 759 2056 τά
782 2013 911 2056 πάντα
932 2014 975 2056 ἐν
998 2012 1166 2072 ἀληθείᾳ
1189 2013 1425 2070 εὑρίσκεται,
1456 2013 1537 2059 ὖπό
1560 2032 1600 2058 τε
1622 2014 1762 2075 Ἰούδᾳ
1782 2033 1857 2059 πα-

306 2082 584 2138 ραδιδόμενος,
629 2083 696 2125 καὶ
731 2079 810 2125 ὖπὸ
843 2079 1047 2125 Ἰουδαίων
1077 2082 1464 2137 συλλαμβανόμενος,
1499 2086 1661 2143 Ποντίῳ
1691 2083 1856 2144 Πιλάτφ

306 2150 642 2206 προςφερόμενος,
673 2152 741 2193 καὶ
763 2148 831 2192 ὑπ’
849 2150 977 2193 αὐτοῦ
994 2150 1160 2209 θανάτῳ
1181 2151 1526 2207 κατακρινόμενος,
1556 2156 1714 2212 σταυρῷ
1732 2169 1858 2209 παρα-

307 2218 526 2273 διδόμενος,
557 2224 694 2272 Διψῶ,
724 2219 859 2275 λέγων,
889 2218 979 2261 δότε
1002 2237 1071 2272 μοι
1101 2226 1218 2271 πιεῖν,
1249 2221 1291 2263 ἐν
1317 2221 1500 2279 ἀληθείᾳ,
1527 2219 1740 2275 λαμβάνων
1763 2219 1858 2272 ὅξος

307 2286 401 2341 μετά
421 2291 555 2342 χολῆς,
585 2286 817 2344 γευόμενος,
848 2288 916 2330 καὶ
940 2288 1075 2342 μηκέτι
1102 2287 1228 2331 ποτόν
1252 2290 1526 2345 προςιέμενος,
1556 2293 1715 2348 σταυρῷ
1737 2306 1858 2347 προς-

306 2355 574 2412 πηγνύμενος,
617 2357 660 2398 ἐν
677 2354 845 2414 ἀληθείᾳ
874 2354 1049 2411 κράζων,
1088 2354 1197 2408 Ἠλὶ,
1236 2356 1320 2412 ήλὶ,
1366 2361 1504 2412 7λημιΞ
1530 2359 1775 2412 σαβαχθανὶ,
1814 2359 1858 2402 ἐν

307 2422 476 2482 ἀληθείᾳ
497 2427 640 2467 κλίνων
665 2423 738 2478 τήν
755 2422 950 2478 κεφαλήν,
979 2425 1046 2467 καὶ
1071 2426 1266 2477 ἐκπνέων,
1297 2428 1340 2469 ἐν
1359 2425 1530 2484 ἀληθείᾳ
1550 2424 1596 2468 τό
1620 2429 1735 2480 σῶμα
1757 2430 1857 2470 ’κα-

307 2492 596 2548 θαιρούμενος,
626 2494 694 2535 καὶ
717 2492 1019 2547 λαμβανόμενον
1040 2494 1083 2535 ἒν
1108 2492 1292 2552 ἀληθείᾳ,
1321 2495 1389 2537 καὶ
1411 2493 1658 2548 ἑλισσόμενον
1676 2491 1756 2537 dud
1783 2499 1856 2538 τοῖ’

305 2559 473 2614 Ἰωσήφ,
514 2562 583 2603 καὶ
618 2562 660 2604 ἐν
694 2560 864 2615 μνήματι
899 2562 1107 2614 τιθέμενον
1130 2563 1173 2604 έν
1198 2560 1386 2621 ἀληθείᾳ,
1425 2565 1527 2620 λίθῳ
1546 2561 1854 2617 ήσφαλισμένον,

307 2628 587 2684 κατερχόμενος
621 2631 662 2672 ἐν
684 2629 844 2684 θεότητι
876 2628 949 2672 σῦν
972 2634 1082 2688 ψυχῇ
1105 2631 1161 2680 εἰς
1181 2627 1307 2690 ᾅδου,
1344 2631 1413 2674 καὶ
1433 2629 1539 2674 λύων
1560 2631 1857 2686 πεπεδημένους

308 2699 348 2740 ἐν
368 2695 530 2756 ἀνδρείᾳ
546 2699 612 2741 καὶ
637 2699 679 2741 ἐν
697 2698 874 2753 δυνάμει,
904 2697 1164 2754 ἀνερχόμενος
1181 2697 1280 2749 θεὸς
1305 2697 1443 2756 θλόγος
1462 2697 1536 2742 σῦν
1551 2704 1663 2758 ψυχῇ
1679 2704 1729 2758 τῇ
1747 2697 1855 2759 ἀγίᾳ,

351 2880 383 2912 2.
410 2882 507 2922 Vulyo
530 2878 698 2921 αὖτονοῦς.
1147 2882 1178 2917 6.
1203 2884 1352 2924 suspicor
1372 2878 1596 2924 ἑλισσόμενος.
1621 2884 1770 2917 petavius
1782 2890 1856 2916 con-

353 2924 384 2957 3.
410 2922 567 2969 αὖτοφῶς
589 2929 636 2960 ed.
659 2931 759 2969 princ.
1105 2931 1216 2962 {ciebat
1232 2925 1448 2971 τικτόμενος,
1478 2929 1654 2961 Gazakerus
1673 2930 1754 2970 opp.
1777 2929 1854 2962 crit.

354 2968 385 3002 4.
409 2972 467 3003 τοῦ
491 2975 593 3004 omiss.
618 2975 652 3005 in
675 2975 724 3007 ed.
750 2976 859 3007 Pelav.
881 2976 989 3007 Colon.
1011 2983 1061 3007 re·
1104 2974 1226 3015 2512.
1251 2970 1514 3016 ἐκπορευόμενος
1534 2975 1583 3006 vel
1606 2970 1831 3017 ἐκδιδὸμενος.

307 3019 369 3057 pet.
1147 3018 1178 3053 7.
1203 3018 1316 3061 λημᾶς
1336 3014 1504 3062 ἀβαχδανὶ
1523 3020 1612 3051 codd⁴
1635 3028 1708 3052 mss.
1729 3022 1855 3060 uterque

355 3061 387 3094 5.
411 3058 514 3095 αὑτοῦ
537 3063 586 3095 ed,
609 3064 715 3097 Ρειαυ.
1102 3067 1130 3096 et
1147 3065 1197 3096 ed.
1216 3066 1316 3106 princ.
1330 3087 1341 3104 ,
1364 3066 1412 3096 uti
1431 3065 1537 3097 solent.
