2020 3276
630 249 1065 285 ANAcssPHALAEosts.
1541 243 1624 283 545

77 323 155 375 aaa
180 328 390 378 stNoemi
422 335 599 387 tempora
633 330 920 386 perseveravit.
992 329 1072 385 Qui
1107 329 1384 373 Barbarismus
1418 336 1625 387 propterea

79 397 223 450 didtur
243 398 346 454 quod
369 397 626 441 vetustissimi
646 397 702 440 illi
725 398 943 441 mortalium
969 413 1096 455 neque
1123 407 1271 441 certum
1298 400 1466 456 aliquem
1489 406 1626 442 aucto-

78 465 406 521 renssabshant,
437 479 512 508 nec
533 465 639 509 inter
663 480 709 509 se
733 467 1048 519 consentiebant,
1081 468 1149 510 sed
1173 468 1440 524 unnsquisque
1463 482 1535 525 pro
1556 481 1627 510 sna

77 534 284 580 „hum
314 534 436 576 vitam
462 534 712 587 instituebat,
757 549 804 577 ac
824 549 896 592 pro
916 536 1004 591 lege
1026 550 1138 578 suum
1166 538 1328 592 quisque
1352 543 1488 578 nutum
1509 543 1625 592 atque

71 602 284 648 utini·-
311 602 387 646 aibi
418 603 676 660 proponebat.

94 696 126 714 2«
174 669 442 727 §vibimus
462 685 486 713 a
509 670 656 715 Noemi
694 672 933 729 temporibus
957 673 1005 714 ad
1043 687 1165 728 usque
1198 673 1317 715 turris
1347 680 1387 715 et
1410 671 1627 729 Babylonis

79 739 471 792 aedificationum»,
513 754 559 782 ac
586 747 674 797 post
703 741 840 784 turrim
875 742 1010 798 paucis
1029 742 1153 783 adhuc
1176 742 1290 784 annis
1315 742 1507 793 obtinuit,
1553 741 1627 782 hoc

76 815 143 854 ut
165 820 291 866 naq-e
309 810 359 852 ad
380 806 527 851 Phalec
545 817 588 851 et
604 808 786 866 Rhaga,
819 810 883 866 qui
905 810 954 852 ad
975 809 1173 865 Europam
1197 804 1446 853 transeuntes
1464 811 1504 852 in
1525 807 1628 866 Scy-

74 876 201 921 thiam
231 891 279 923 ac
304 877 485 922 nationes
507 878 699 920 eiusmodi
725 885 981 935 penetrarunt
1003 879 1052 921 ab
1075 878 1213 922 Thare
1239 879 1479 935 temporibus
1504 886 1545 921 et
1570 878 1628 920 ul·

79 952 167 1001 tn,
196 959 221 990 a
249 960 329 1003 qno
356 944 538 989 Thraces
567 947 720 989 oriundi
751 954 857 989 sunt.

132 1123 134 1126 ,
154 1116 159 1126 .
192 1081 463 1127 nette-imus
487 1084 618 1141 coepit
637 1099 660 1126 a
683 1082 851 1127 Seruchi
874 1085 1129 1142 temporibus.
1190 1083 1306 1128 Unde
1331 1084 1524 1127 idolorum
1548 1084 1629 1126 cul-

80 1158 147 1196 tas
177 1151 330 1195 initium
363 1151 511 1194 habuit.
574 1149 752 1209 Cumque
786 1160 877 1195 tunc
909 1154 1098 1211 temporis
1123 1154 1220 1196 falsa
1246 1154 1410 1210 quisque
1439 1153 1629 1209 supersti-

80 1220 442 1273 tima-ceretae,
485 1221 671 1278 deinceps
707 1222 926 1264 civiliorem
957 1224 1004 1265 ad
1039 1238 1175 1276 usum,
1217 1231 1257 1265 et
1287 1224 1335 1265 ad
1361 1230 1492 1264 certas
1520 1223 1629 1278 leges

80 1288 457 1346 dnahomrnmque
495 1290 594 1332 ritus
635 1290 813 1333 homines
852 1305 944 1334 sese
987 1292 1288 1335 transtulerunt.
1357 1289 1536 1347 Quorum
1577 1305 1630 1332 ex

80 1357 325 1417 praeseripto
355 1357 432 1400 sibi
465 1358 562 1400 deos
593 1359 809 1402 linxerunt.
879 1360 942 1402 Ac
975 1361 1139 1417 primum
1174 1375 1243 1403 eos
1277 1375 1376 1416 quos
1409 1360 1450 1402 in
1479 1360 1629 1401 honore

13 1465 31 1476 ,.
81 1426 276 1484 quandam
298 1426 550 1479 habuissent,
582 1428 668 1470 sive
694 1436 901 1485 tyrannos,
934 1437 1002 1471 aut
1023 1430 1358 1486 praestigiatores,
1391 1430 1456 1486 qui
1483 1442 1631 1470 memo-

81 1494 208 1539 nbib
227 1495 407 1552 quiddam
427 1496 468 1538 in
488 1496 569 1538 vita
593 1497 769 1539 fecerant
793 1511 839 1540 ac
864 1499 1102 1540 fortitudinis
1125 1506 1166 1541 et
1185 1499 1340 1540 roboris
1365 1498 1518 1540 illustre
1541 1510 1632 1553 spe-

82 1563 210 1608 duan
226 1563 446 1617 ediderant,
479 1565 691 1622 depingere
711 1565 910 1608 coloribus
926 1574 966 1608 et
988 1567 1207 1610 assimilare
1229 1567 1425 1610 solebant.
1485 1564 1633 1608 Postea

82 1645 182 1676 vero
202 1632 252 1675 ab
274 1631 408 1675 Thare
431 1634 554 1690 patris
576 1634 765 1677 Abraami
790 1642 965 1692 tempore
987 1636 1208 1678 simulacris
1231 1651 1278 1678 ac
1302 1635 1442 1678 statuis
1466 1635 1631 1677 eundem

82 1714 262 1753 mare-
292 1699 540 1744 idololatriae
572 1711 852 1760 propagarunt.
915 1703 1071 1761 Quippe
1101 1704 1271 1747 maiores
1293 1719 1388 1747 suos
1411 1702 1632 1747 simulacris

80 1768 344 1813 botua-tes
358 1783 406 1812 ac
425 1778 603 1814 mortuos
622 1772 786 1829 primum
810 1780 896 1815 arte
923 1774 1055 1829 figlina
1080 1781 1231 1816 statuas
1256 1774 1517 1825 effinxerunt,
1550 1779 1631 1814 tum

85 1837 294 1882 ad-n'ea
309 1845 416 1881 artes
435 1838 611 1882 imitandi
630 1841 811 1897 pervenit
833 1842 1041 1884 industria.
1102 1841 1207 1885 Nam
1223 1850 1264 1885 et
1285 1842 1489 1885 architecti
1512 1839 1632 1883 sectis

84 1905 303 1964 mbas,
344 1907 560 1963 argentarii
592 1915 634 1951 et.
662 1910 844 1953 aurifices
865 1925 939 1953 nec
963 1926 1041 1953 nou
1064 1918 1103 1954 et
1126 1911 1226 1953 fabri
1246 1926 1319 1954 sua
1339 1911 1482 1967 quique
1509 1916 1633 1952 mate-

85 1974 170 2027 ria,
187 1987 249 2018 as
260 1974 402 2032 reliqui
420 1976 604 2033 deinceps
624 1978 772 2034 effigies
790 1979 912 2022 moliti
934 1987 1041 2022 sunt.
1104 1978 1225 2022 Primi
1248 1981 1420 2022 omnium
1443 1978 1633 2035 Aegyptii

86 2041 389 2100 aen-bytom,
429 2057 503 2086 nec
525 2059 604 2087 non
636 2053 677 2088 et
697 2045 879 2105 Phryges
905 2063 952 2091 ac
974 2047 1194 2092 Phoenices
1217 2048 1482 2106 superstitiosi
1506 2048 1633 2090 cultus

86 2119 131 2156 et
148 2110 448 2155 ninutas-orum
470 2126 518 2155 ac
540 2114 816 2170 mysteriorum
838 2124 1023 2160 auctores
1046 2119 1280 2161 extiterunt.
1331 2119 1368 2160 A
1391 2116 1531 2174 quibus
1552 2116 1634 2173 ple-

86 2194 209 2238 raque
234 2186 328 2223 snut
355 2180 404 2223 ad
425 2178 604 2224 Graecos
632 2184 842 2237 translata,
884 2187 962 2228 iam
997 2194 1076 2228 tum
1101 2186 1151 2228 ab
1180 2194 1311 2229 aetate
1334 2184 1552 2242 Cecropis,
1595 2191 1635 2226 et

89 2249 291 2306 deinceps.
350 2246 498 2291 Postea
522 2263 620 2292 vero
645 2251 762 2308 longe
786 2252 940 2296 demum
964 2254 1175 2298 intervallo
1196 2254 1429 2309 Saturnum,
1461 2254 1632 2307 Rheam,

0 2338 2 2342 ·
91 2315 255 2371 lavem,
288 2316 511 2375 Apollinem
532 2332 580 2360 ac
602 2318 777 2376 reliquos
797 2321 893 2364 deos
915 2323 1116 2367 celebrare
1137 2331 1368 2382 coeperunt.

205 2442 350 2488 Graeci
383 2457 525 2486 nomen
550 2444 598 2487 ab
622 2444 789 2489 Bellene
815 2447 980 2503 quodam
1005 2449 1133 2491 sortiti
1154 2457 1271 2502 sunt,
1314 2449 1379 2505 qui
1402 2448 1442 2491 in
1464 2446 1636 2492 Graecia

90 2512 241 2569 degens
262 2512 299 2556 ei
317 2511 470 2568 regioni
496 2513 793 2569 appellationem
811 2515 962 2558 indidit.
1026 2515 1129 2560 Sunt
1150 2517 1215 2574 qui
1242 2518 1291 2559 ab
1314 2518 1447 2569 elaea,
1480 2516 1555 2559 hoc
1575 2523 1638 2559 est

92 2579 220 2633 oliva,
250 2594 350 2638 quae
370 2581 541 2625 Athenis
564 2590 706 2625 exorta
727 2591 810 2635 est,
842 2592 1084 2641 nuncupatos
1105 2599 1194 2629 esse
1219 2586 1356 2629 velint.
1418 2584 1545 2628 Huius
1567 2598 1636 2640 ge-

92 2649 202 2702 neris
232 2657 417 2692 auctores
448 2664 493 2692 ac
524 2651 748 2693 conditores
779 2650 896 2694 lones
929 2653 1105 2706 fuerunt,
1153 2661 1195 2696 ut
1226 2668 1277 2696 ex
1308 2653 1554 2696 accuratiore
1579 2653 1637 2695 hi-

57 2719 74 2730 ‘
91 2717 218 2762 storia
237 2725 415 2772 constat,
457 2719 521 2775 qui
547 2720 596 2761 ab
621 2718 718 2762 Ione
741 2720 904 2775 quodam
933 2721 1113 2778 appellati
1139 2731 1230 2764 sunt
1254 2722 1370 2765 unius
1395 2735 1530 2765 eorum
1558 2720 1637 2764 lilio

0 2774 11 2807 i
96 2786 165 2843 qni
186 2787 325 2831 turrim
348 2795 650 2831 exstruxerunt.
712 2786 839 2843 Quam
859 2788 908 2831 oh
928 2803 1106 2832 caussam
1132 2788 1319 2847 Meropes
1345 2789 1525 2847 appellati
1546 2797 1638 2832 sunt

94 2867 130 2900 h
151 2876 213 2909 quo
238 2877 260 2900 u
278 2877 321 2901 n.
344 2877 391 2910 pr.
421 2869 545 2901 videtur
570 2870 664 2910 [uisse
695 2864 843 2911 α’μυντη-
888 2868 1123 2913 παριλομένου.

96 2910 188 2956 βίον,
210 2922 307 2954 quum
330 2915 519 2955 &plurem
539 2917 641 2947 tuetur
660 2916 754 2947 etium
777 2915 845 2947 eod.
936 2915 990 2948 42.
1024 2914 1096 2949 υἱοῦ
1127 2917 1200 2948 edit.
1224 2917 1331 2950 petav.
1378 2917 1443 2950 Sed
1470 2918 1544 2950 tutet
1573 2918 1638 2958 ror-

7 3001 10 3003 ·
95 2957 213 2999 Paria,
233 2961 306 2991 teu·
327 2959 465 2992 Pstovi'o.
888 2964 970 2993 tasse
994 2970 1106 2994 nomen
1134 2956 1283 2996 Ὶωῦνᾶν.
1334 2962 1381 3003 Cf.
1410 2963 1507 3004 Epist.
1531 2963 1576 2996 ud
1597 2965 1637 2995 A·

140 3002 196 3038 39.
219 2997 245 3044 τ’)
265 2998 334 3039 ἀπὸ
352 3005 442 3038 eada.
464 3014 536 3038 mss.
559 3008 588 3038 et
606 3006 679 3039 odit.
699 3007 798 3047 princ.
888 3016 954 3039 cue.
974 3017 1008 3047 p.
1026 3007 1074 3039 18.
1095 3015 1183 3040 mene
1201 3008 1272 3040 edit.
1299 3008 1469 3041 σοηιαήω
1484 3011 1575 3042 verm
1596 3008 1637 3041 ab

142 3045 198 3082 40.
224 3046 361 3092 ἱλλήνου
381 3051 472 3084 codd.
489 3060 562 3084 mss.
584 3053 611 3082 et
631 3052 679 3084 ed.
701 3053 801 3092 princ.
895 3051 984 3090 tone,
1011 3062 1077 3085 uno
1099 3051 1246 3096 quodam
1267 3052 1338 3086 viro
1358 3063 1399 3086 ex
1419 3053 1468 3087 his
1489 3053 1545 3099 qui
1566 3061 1636 3086 tur-

143 3091 202 3127 41.
224 3094 313 3127 Ltbra'
331 3098 396 3127 tna·
418 3097 526 3137 empti
545 3105 642 3137 quum
664 3098 739 3130 editi
759 3098 852 3139 vulpe
898 3097 958 3130 rim
983 3096 1253 3131 aedificaverunt.

168 3149 287 3186 corpus
319 3148 499 3179 timescat.
515 3150 552 3179 u.
565 3152 592 3180 8.
1312 3158 1366 3201 35
