<?xml version="1.0" encoding="UTF-8"?>
<!DOCTYPE html PUBLIC "-//W3C//DTD XHTML 1.0 Transitional//EN"
    "http://www.w3.org/TR/xhtml1/DTD/xhtml1-transitional.dtd">
<html xmlns="http://www.w3.org/1999/xhtml" xml:lang="en" lang="en">
 <head>
  <title>
</title>
<meta http-equiv="Content-Type" content="text/html;charset=utf-8" />
  <meta name='ocr-system' content='tesseract 3.04.00' />
  <meta name='ocr-capabilities' content='ocr_page ocr_carea ocr_par ocr_line ocrx_word'/>
</head>
<body>
  <div class='ocr_page' id='page_1' title='image "./corporishaereseo23epip_0225.png"; bbox 0 0 2020 3276; ppageno 0'>
   <div class='ocr_carea' id='block_1_1' title="bbox 427 170 1643 220">
    <p class='ocr_par' dir='ltr' id='par_1_1' title="bbox 427 170 1643 220">
     <span class='ocr_line' id='line_1_1' title="bbox 427 170 1643 220; baseline -0.007 0"><span class='ocrx_word' id='word_1_1' title='bbox 427 184 613 220; x_wconf 71' lang='grc' dir='ltr'><strong>ΡΑΝΔιιιι</strong></span> <span class='ocrx_word' id='word_1_2' title='bbox 635 184 720 218; x_wconf 79' lang='lat' dir='ltr'>me.</span> <span class='ocrx_word' id='word_1_3' title='bbox 739 185 799 219; x_wconf 90' lang='grc' dir='ltr'><strong>ιιι.</strong></span> <span class='ocrx_word' id='word_1_4' title='bbox 822 183 932 218; x_wconf 76' lang='grc' dir='ltr'><strong>ἰὀΜ.</strong></span> <span class='ocrx_word' id='word_1_5' title='bbox 954 185 980 217; x_wconf 89' lang='grc' dir='ltr'>ι.</span> <span class='ocrx_word' id='word_1_6' title='bbox 1005 182 1139 216; x_wconf 59' lang='lat' dir='ltr'>naun.</span> <span class='ocrx_word' id='word_1_7' title='bbox 1162 182 1322 215; x_wconf 75' lang='lat' dir='ltr'>Lxxvi.</span> <span class='ocrx_word' id='word_1_8' title='bbox 1561 170 1643 212; x_wconf 85' lang='lat'>213</span> 
     </span>
    </p>
   </div>
   <div class='ocr_carea' id='block_1_2' title="bbox 94 259 1644 461">
    <p class='ocr_par' dir='ltr' id='par_1_2' title="bbox 94 259 1644 461">
     <span class='ocr_line' id='line_1_2' title="bbox 96 259 1643 324; baseline -0.007 -13"><span class='ocrx_word' id='word_1_9' title='bbox 96 266 200 313; x_wconf 70' lang='lat' dir='ltr'>aeui</span> <span class='ocrx_word' id='word_1_10' title='bbox 230 267 362 324; x_wconf 76' lang='lat' dir='ltr'>genita</span> <span class='ocrx_word' id='word_1_11' title='bbox 386 265 545 308; x_wconf 85' lang='lat' dir='ltr'>soboles</span> <span class='ocrx_word' id='word_1_12' title='bbox 570 265 657 307; x_wconf 84' lang='lat' dir='ltr'>sine</span> <span class='ocrx_word' id='word_1_13' title='bbox 678 264 758 306; x_wconf 91' lang='lat' dir='ltr'>ullo</span> <span class='ocrx_word' id='word_1_14' title='bbox 783 265 859 305; x_wconf 87' lang='lat' dir='ltr'>line</span> <span class='ocrx_word' id='word_1_15' title='bbox 884 263 1016 318; x_wconf 91' lang='lat' dir='ltr'>genita</span> <span class='ocrx_word' id='word_1_16' title='bbox 1046 270 1130 314; x_wconf 88' lang='lat' dir='ltr'>est,</span> <span class='ocrx_word' id='word_1_17' title='bbox 1174 275 1294 318; x_wconf 87' lang='lat' dir='ltr'>prava</span> <span class='ocrx_word' id='word_1_18' title='bbox 1325 260 1390 302; x_wconf 92' lang='lat' dir='ltr'>illa</span> <span class='ocrx_word' id='word_1_19' title='bbox 1428 259 1475 302; x_wconf 91' lang='lat' dir='ltr'>de</span> <span class='ocrx_word' id='word_1_20' title='bbox 1508 259 1643 301; x_wconf 87' lang='lat' dir='ltr'>bomo-</span> 
     </span>
     <span class='ocr_line' id='line_1_3' title="bbox 96 327 1644 388; baseline -0.008 -7"><span class='ocrx_word' id='word_1_21' title='bbox 96 335 210 381; x_wconf 74' lang='grc' dir='ltr'><strong>εΙιίο</strong></span> <span class='ocrx_word' id='word_1_22' title='bbox 230 341 280 378; x_wconf 88' lang='grc' dir='ltr'>-ει</span> <span class='ocrx_word' id='word_1_23' title='bbox 309 333 567 377; x_wconf 74' lang='lat' dir='ltr'>homoeousio</span> <span class='ocrx_word' id='word_1_24' title='bbox 601 333 796 375; x_wconf 87' lang='lat' dir='ltr'>sententia</span> <span class='ocrx_word' id='word_1_25' title='bbox 828 331 1120 388; x_wconf 84' lang='lat' dir='ltr'>profligabitur:</span> <span class='ocrx_word' id='word_1_26' title='bbox 1165 344 1252 371; x_wconf 92' lang='lat' dir='ltr'>cum</span> <span class='ocrx_word' id='word_1_27' title='bbox 1283 329 1376 371; x_wconf 92' lang='lat' dir='ltr'>illud</span> <span class='ocrx_word' id='word_1_28' title='bbox 1409 327 1565 370; x_wconf 90' lang='lat' dir='ltr'>interim</span> <span class='ocrx_word' id='word_1_29' title='bbox 1603 328 1644 370; x_wconf 92' lang='lat' dir='ltr'>in</span> 
     </span>
     <span class='ocr_line' id='line_1_4' title="bbox 94 396 1644 461; baseline -0.007 -13"><span class='ocrx_word' id='word_1_30' title='bbox 94 403 303 461; x_wconf 64' lang='lat' dir='ltr'>euinque·</span> <span class='ocrx_word' id='word_1_31' title='bbox 331 410 495 446; x_wconf 79' lang='lat' dir='ltr'>naturae</span> <span class='ocrx_word' id='word_1_32' title='bbox 527 401 717 458; x_wconf 83' lang='lat' dir='ltr'>dignitate</span> <span class='ocrx_word' id='word_1_33' title='bbox 745 406 950 442; x_wconf 87' lang='lat' dir='ltr'>remaneat</span> <span class='ocrx_word' id='word_1_34' title='bbox 969 406 1035 452; x_wconf 88' lang='lat' dir='ltr'>ut,</span> <span class='ocrx_word' id='word_1_35' title='bbox 1077 399 1178 454; x_wconf 93' lang='lat' dir='ltr'>quod</span> <span class='ocrx_word' id='word_1_36' title='bbox 1203 398 1250 439; x_wconf 84' lang='lat' dir='ltr'>ad</span> <span class='ocrx_word' id='word_1_37' title='bbox 1275 396 1531 439; x_wconf 68' lang='lat' dir='ltr'>substantiam</span> <span class='ocrx_word' id='word_1_38' title='bbox 1554 396 1644 438; x_wconf 90' lang='lat' dir='ltr'>atti·</span> 
     </span>
    </p>
   </div>
   <div class='ocr_carea' id='block_1_3' title="bbox 95 469 1643 596">
    <p class='ocr_par' dir='ltr' id='par_1_3' title="bbox 95 469 1643 596">
     <span class='ocr_line' id='line_1_5' title="bbox 95 469 888 530; baseline -0.01 -13"><span class='ocrx_word' id='word_1_39' title='bbox 95 481 189 525; x_wconf 86' lang='lat' dir='ltr'>net,</span> <span class='ocrx_word' id='word_1_40' title='bbox 218 471 439 530; x_wconf 74' lang='lat' dir='ltr'>comparari</span> <span class='ocrx_word' id='word_1_41' title='bbox 469 469 574 513; x_wconf 88' lang='lat' dir='ltr'>inter</span> <span class='ocrx_word' id='word_1_42' title='bbox 602 484 647 512; x_wconf 89' lang='lat' dir='ltr'>se</span> <span class='ocrx_word' id='word_1_43' title='bbox 677 475 888 525; x_wconf 83' lang='lat' dir='ltr'>nequeant.</span> 
     </span>
     <span class='ocr_line' id='line_1_6' title="bbox 205 534 1643 596; baseline -0.006 -13"><span class='ocrx_word' id='word_1_44' title='bbox 205 542 254 583; x_wconf 85' lang='lat' dir='ltr'>V.</span> <span class='ocrx_word' id='word_1_45' title='bbox 283 538 331 584; x_wconf 86' lang='lat' dir='ltr'>Si</span> <span class='ocrx_word' id='word_1_46' title='bbox 360 539 557 596; x_wconf 84' lang='lat' dir='ltr'>ingenitus</span> <span class='ocrx_word' id='word_1_47' title='bbox 579 537 799 580; x_wconf 90' lang='lat' dir='ltr'>substantia</span> <span class='ocrx_word' id='word_1_48' title='bbox 824 537 921 579; x_wconf 90' lang='lat' dir='ltr'>deus</span> <span class='ocrx_word' id='word_1_49' title='bbox 944 543 1021 587; x_wconf 92' lang='lat' dir='ltr'>est,</span> <span class='ocrx_word' id='word_1_50' title='bbox 1054 535 1154 590; x_wconf 87' lang='lat' dir='ltr'>quod</span> <span class='ocrx_word' id='word_1_51' title='bbox 1179 535 1353 590; x_wconf 87' lang='lat' dir='ltr'>genitum</span> <span class='ocrx_word' id='word_1_52' title='bbox 1380 541 1442 576; x_wconf 86' lang='lat' dir='ltr'>est</span> <span class='ocrx_word' id='word_1_53' title='bbox 1463 548 1542 576; x_wconf 92' lang='lat' dir='ltr'>non</span> <span class='ocrx_word' id='word_1_54' title='bbox 1564 534 1643 576; x_wconf 90' lang='lat' dir='ltr'>dis-</span> 
     </span>
    </p>
   </div>
   <div class='ocr_carea' id='block_1_4' title="bbox 88 600 1644 1623">
    <p class='ocr_par' dir='ltr' id='par_1_4' title="bbox 92 600 1643 802">
     <span class='ocr_line' id='line_1_7' title="bbox 93 600 1643 665; baseline -0.006 -12"><span class='ocrx_word' id='word_1_55' title='bbox 93 600 291 653; x_wconf 64' lang='lat' dir='ltr'>tructiene</span> <span class='ocrx_word' id='word_1_56' title='bbox 325 609 488 665; x_wconf 85' lang='lat' dir='ltr'>qnadam</span> <span class='ocrx_word' id='word_1_57' title='bbox 522 606 763 650; x_wconf 86' lang='lat' dir='ltr'>substantiae</span> <span class='ocrx_word' id='word_1_58' title='bbox 795 605 969 662; x_wconf 89' lang='lat' dir='ltr'>genitum</span> <span class='ocrx_word' id='word_1_59' title='bbox 1007 610 1093 655; x_wconf 89' lang='lat' dir='ltr'>est,</span> <span class='ocrx_word' id='word_1_60' title='bbox 1147 604 1215 644; x_wconf 91' lang='lat' dir='ltr'>scd</span> <span class='ocrx_word' id='word_1_61' title='bbox 1251 603 1299 644; x_wconf 90' lang='lat' dir='ltr'>ab</span> <span class='ocrx_word' id='word_1_62' title='bbox 1325 603 1569 655; x_wconf 85' lang='lat' dir='ltr'>substantia,</span> <span class='ocrx_word' id='word_1_63' title='bbox 1619 617 1643 645; x_wconf 85' lang='lat' dir='ltr'>a</span> 
     </span>
     <span class='ocr_line' id='line_1_8' title="bbox 93 668 1642 736; baseline -0.005 -15"><span class='ocrx_word' id='word_1_64' title='bbox 93 677 419 736; x_wconf 49' lang='lat' dir='ltr'>pprodnctum</span> <span class='ocrx_word' id='word_1_65' title='bbox 448 683 533 728; x_wconf 86' lang='lat' dir='ltr'>est,</span> <span class='ocrx_word' id='word_1_66' title='bbox 578 675 767 717; x_wconf 82' lang='lat' dir='ltr'>manavit.</span> <span class='ocrx_word' id='word_1_67' title='bbox 830 671 983 729; x_wconf 79' lang='lat' dir='ltr'>Quippe</span> <span class='ocrx_word' id='word_1_68' title='bbox 1006 672 1168 714; x_wconf 82' lang='lat' dir='ltr'>eandem</span> <span class='ocrx_word' id='word_1_69' title='bbox 1193 672 1451 713; x_wconf 79' lang='lat' dir='ltr'>substantiam</span> <span class='ocrx_word' id='word_1_70' title='bbox 1470 668 1642 727; x_wconf 73' lang='lat' dir='ltr'>genitam</span> 
     </span>
     <span class='ocr_line' id='line_1_9' title="bbox 92 738 1641 802; baseline -0.005 -12"><span class='ocrx_word' id='word_1_71' title='bbox 92 745 211 790; x_wconf 65' lang='lat' dir='ltr'>aiunl</span> <span class='ocrx_word' id='word_1_72' title='bbox 238 753 280 790; x_wconf 85' lang='lat' dir='ltr'>et</span> <span class='ocrx_word' id='word_1_73' title='bbox 307 745 521 802; x_wconf 84' lang='lat' dir='ltr'>ingenitam</span> <span class='ocrx_word' id='word_1_74' title='bbox 553 758 644 786; x_wconf 87' lang='lat' dir='ltr'>esse</span> <span class='ocrx_word' id='word_1_75' title='bbox 674 743 780 785; x_wconf 91' lang='lat' dir='ltr'>nulla</span> <span class='ocrx_word' id='word_1_76' title='bbox 811 756 897 784; x_wconf 89' lang='lat' dir='ltr'>cum</span> <span class='ocrx_word' id='word_1_77' title='bbox 929 742 1072 798; x_wconf 85' lang='lat' dir='ltr'>pietate</span> <span class='ocrx_word' id='word_1_78' title='bbox 1102 740 1310 782; x_wconf 85' lang='lat' dir='ltr'>coniuncta</span> <span class='ocrx_word' id='word_1_79' title='bbox 1349 740 1451 782; x_wconf 88' lang='lat' dir='ltr'>ratio</span> <span class='ocrx_word' id='word_1_80' title='bbox 1479 738 1641 796; x_wconf 85' lang='lat' dir='ltr'>patitur.</span> 
     </span>
    </p>

    <p class='ocr_par' dir='ltr' id='par_1_5' title="bbox 91 807 1644 1077">
     <span class='ocr_line' id='line_1_10' title="bbox 206 807 1644 871; baseline -0.003 -15"><span class='ocrx_word' id='word_1_81' title='bbox 206 815 272 857; x_wconf 83' lang='lat' dir='ltr'>VI.</span> <span class='ocrx_word' id='word_1_82' title='bbox 293 812 339 858; x_wconf 90' lang='lat' dir='ltr'>Si</span> <span class='ocrx_word' id='word_1_83' title='bbox 359 814 532 871; x_wconf 86' lang='lat' dir='ltr'>genitum</span> <span class='ocrx_word' id='word_1_84' title='bbox 561 820 621 855; x_wconf 89' lang='grc' dir='ltr'>εει</span> <span class='ocrx_word' id='word_1_85' title='bbox 641 812 734 854; x_wconf 89' lang='lat' dir='ltr'>illud</span> <span class='ocrx_word' id='word_1_86' title='bbox 755 812 895 868; x_wconf 89' lang='lat' dir='ltr'>ipsum,</span> <span class='ocrx_word' id='word_1_87' title='bbox 931 810 1032 864; x_wconf 89' lang='lat' dir='ltr'>quod</span> <span class='ocrx_word' id='word_1_88' title='bbox 1057 816 1119 850; x_wconf 85' lang='grc' dir='ltr'>εει</span> <span class='ocrx_word' id='word_1_89' title='bbox 1138 809 1352 864; x_wconf 85' lang='lat' dir='ltr'>ingenitum</span> <span class='ocrx_word' id='word_1_90' title='bbox 1367 839 1380 860; x_wconf 91' lang='lat'>‚</span> <span class='ocrx_word' id='word_1_91' title='bbox 1413 807 1503 864; x_wconf 88' lang='lat' dir='ltr'>qnid</span> <span class='ocrx_word' id='word_1_92' title='bbox 1524 807 1644 851; x_wconf 75' lang='lat' dir='ltr'>etim</span> 
     </span>
     <span class='ocr_line' id='line_1_11' title="bbox 92 876 1644 941; baseline -0.004 -15"><span class='ocrx_word' id='word_1_93' title='bbox 92 882 274 941; x_wconf 75' lang='lat' dir='ltr'>probibet</span> <span class='ocrx_word' id='word_1_94' title='bbox 311 883 412 939; x_wconf 89' lang='lat' dir='ltr'>quod</span> <span class='ocrx_word' id='word_1_95' title='bbox 451 881 624 938; x_wconf 89' lang='lat' dir='ltr'>genitum</span> <span class='ocrx_word' id='word_1_96' title='bbox 665 887 727 922; x_wconf 88' lang='lat' dir='ltr'>est</span> <span class='ocrx_word' id='word_1_97' title='bbox 755 880 972 936; x_wconf 89' lang='lat' dir='ltr'>ingenitum</span> <span class='ocrx_word' id='word_1_98' title='bbox 1013 877 1164 920; x_wconf 79' lang='lat' dir='ltr'>fuisse?</span> <span class='ocrx_word' id='word_1_99' title='bbox 1223 876 1270 920; x_wconf 90' lang='lat' dir='ltr'>Si</span> <span class='ocrx_word' id='word_1_100' title='bbox 1308 877 1462 932; x_wconf 87' lang='lat' dir='ltr'>quidem</span> <span class='ocrx_word' id='word_1_101' title='bbox 1501 882 1644 920; x_wconf 68' lang='lat' dir='ltr'>namra</span> 
     </span>
     <span class='ocr_line' id='line_1_12' title="bbox 92 945 1643 1008; baseline -0.006 -12"><span class='ocrx_word' id='word_1_102' title='bbox 92 950 223 995; x_wconf 65' lang='lat' dir='ltr'>unni}</span> <span class='ocrx_word' id='word_1_103' title='bbox 241 951 291 994; x_wconf 74' lang='lat' dir='ltr'>ad</span> <span class='ocrx_word' id='word_1_104' title='bbox 315 952 355 994; x_wconf 74' lang='lat' dir='ltr'>ie</span> <span class='ocrx_word' id='word_1_105' title='bbox 376 951 477 1008; x_wconf 85' lang='lat' dir='ltr'>quod</span> <span class='ocrx_word' id='word_1_106' title='bbox 500 956 709 1006; x_wconf 81' lang='lat' dir='ltr'>cognatum</span> <span class='ocrx_word' id='word_1_107' title='bbox 730 948 804 991; x_wconf 86' lang='lat' dir='ltr'>sibi</span> <span class='ocrx_word' id='word_1_108' title='bbox 831 955 892 990; x_wconf 89' lang='lat' dir='ltr'>est</span> <span class='ocrx_word' id='word_1_109' title='bbox 914 946 1040 1003; x_wconf 84' lang='lat' dir='ltr'>magis</span> <span class='ocrx_word' id='word_1_110' title='bbox 1061 960 1174 1002; x_wconf 87' lang='lat' dir='ltr'>qnam</span> <span class='ocrx_word' id='word_1_111' title='bbox 1199 946 1245 988; x_wconf 89' lang='lat' dir='ltr'>ad</span> <span class='ocrx_word' id='word_1_112' title='bbox 1274 946 1443 988; x_wconf 78' lang='lat' dir='ltr'>alienum</span> <span class='ocrx_word' id='word_1_113' title='bbox 1465 945 1643 1003; x_wconf 81' lang='lat' dir='ltr'>peregri-</span> 
     </span>
     <span class='ocr_line' id='line_1_13' title="bbox 91 1019 464 1077; baseline -0.008 -13"><span class='ocrx_word' id='word_1_114' title='bbox 91 1032 262 1077; x_wconf 75' lang='lat' dir='ltr'>nn-qne</span> <span class='ocrx_word' id='word_1_115' title='bbox 289 1019 464 1063; x_wconf 68' lang='lat' dir='ltr'>tatium.</span> 
     </span>
    </p>

    <p class='ocr_par' dir='ltr' id='par_1_6' title="bbox 90 1082 1642 1350">
     <span class='ocr_line' id='line_1_14' title="bbox 205 1082 1639 1143; baseline -0.006 -12"><span class='ocrx_word' id='word_1_116' title='bbox 205 1089 289 1131; x_wconf 83' lang='lat' dir='ltr'>vu.</span> <span class='ocrx_word' id='word_1_117' title='bbox 322 1085 369 1131; x_wconf 91' lang='lat' dir='ltr'>Si</span> <span class='ocrx_word' id='word_1_118' title='bbox 394 1094 500 1130; x_wconf 89' lang='lat' dir='ltr'>totus</span> <span class='ocrx_word' id='word_1_119' title='bbox 521 1101 598 1129; x_wconf 92' lang='lat' dir='ltr'>non</span> <span class='ocrx_word' id='word_1_120' title='bbox 621 1094 682 1128; x_wconf 90' lang='grc' dir='ltr'>εει</span> <span class='ocrx_word' id='word_1_121' title='bbox 703 1086 900 1143; x_wconf 88' lang='lat' dir='ltr'>ingenitus</span> <span class='ocrx_word' id='word_1_122' title='bbox 923 1086 1035 1136; x_wconf 86' lang='lat' dir='ltr'>deus,</span> <span class='ocrx_word' id='word_1_123' title='bbox 1069 1084 1162 1126; x_wconf 90' lang='lat' dir='ltr'>nihil</span> <span class='ocrx_word' id='word_1_124' title='bbox 1186 1090 1248 1125; x_wconf 85' lang='grc' dir='ltr'>εει</span> <span class='ocrx_word' id='word_1_125' title='bbox 1270 1082 1370 1139; x_wconf 88' lang='lat' dir='ltr'>quod</span> <span class='ocrx_word' id='word_1_126' title='bbox 1394 1082 1525 1124; x_wconf 89' lang='lat' dir='ltr'>obstet</span> <span class='ocrx_word' id='word_1_127' title='bbox 1544 1095 1639 1138; x_wconf 90' lang='lat' dir='ltr'>quo-</span> 
     </span>
     <span class='ocr_line' id='line_1_15' title="bbox 92 1151 1642 1211; baseline -0.006 -10"><span class='ocrx_word' id='word_1_128' title='bbox 92 1156 222 1201; x_wconf 67' lang='lat' dir='ltr'>nium</span> <span class='ocrx_word' id='word_1_129' title='bbox 239 1157 452 1200; x_wconf 73' lang='lat' dir='ltr'>seeundum</span> <span class='ocrx_word' id='word_1_130' title='bbox 474 1155 728 1198; x_wconf 76' lang='lat' dir='ltr'><strong>substantiam</strong></span> <span class='ocrx_word' id='word_1_131' title='bbox 753 1154 949 1211; x_wconf 86' lang='lat' dir='ltr'>genuerit.</span> <span class='ocrx_word' id='word_1_132' title='bbox 1012 1151 1084 1196; x_wconf 87' lang='lat' dir='ltr'>Sin</span> <span class='ocrx_word' id='word_1_133' title='bbox 1107 1159 1212 1195; x_wconf 90' lang='lat' dir='ltr'>totus</span> <span class='ocrx_word' id='word_1_134' title='bbox 1236 1151 1435 1208; x_wconf 86' lang='lat' dir='ltr'>ingenitus</span> <span class='ocrx_word' id='word_1_135' title='bbox 1451 1158 1528 1202; x_wconf 85' lang='grc' dir='ltr'><strong>εει,</strong></span> <span class='ocrx_word' id='word_1_136' title='bbox 1562 1165 1642 1192; x_wconf 91' lang='lat' dir='ltr'>non</span> 
     </span>
     <span class='ocr_line' id='line_1_16' title="bbox 91 1218 1641 1279; baseline -0.005 -10"><span class='ocrx_word' id='word_1_137' title='bbox 91 1231 154 1268; x_wconf 81' lang='lat' dir='ltr'>eet</span> <span class='ocrx_word' id='word_1_138' title='bbox 178 1225 392 1268; x_wconf 71' lang='lat' dir='ltr'>seeundum</span> <span class='ocrx_word' id='word_1_139' title='bbox 412 1224 668 1268; x_wconf 74' lang='lat' dir='ltr'><strong>substantiam</strong></span> <span class='ocrx_word' id='word_1_140' title='bbox 690 1223 946 1279; x_wconf 74' lang='lat' dir='ltr'>generatione</span> <span class='ocrx_word' id='word_1_141' title='bbox 969 1222 1180 1264; x_wconf 83' lang='lat' dir='ltr'>distractus</span> <span class='ocrx_word' id='word_1_142' title='bbox 1195 1252 1207 1272; x_wconf 92' lang='lat'><strong>‚</strong></span> <span class='ocrx_word' id='word_1_143' title='bbox 1246 1220 1315 1262; x_wconf 90' lang='lat' dir='ltr'>sed</span> <span class='ocrx_word' id='word_1_144' title='bbox 1341 1234 1395 1262; x_wconf 79' lang='lat' dir='ltr'>ex</span> <span class='ocrx_word' id='word_1_145' title='bbox 1420 1218 1641 1262; x_wconf 83' lang='lat' dir='ltr'>substantia</span> 
     </span>
     <span class='ocr_line' id='line_1_17' title="bbox 90 1290 1060 1350; baseline -0.005 -13"><span class='ocrx_word' id='word_1_146' title='bbox 90 1306 164 1337; x_wconf 74' lang='lat' dir='ltr'>ana</span> <span class='ocrx_word' id='word_1_147' title='bbox 191 1294 363 1350; x_wconf 71' lang='lat' dir='ltr'>genitam</span> <span class='ocrx_word' id='word_1_148' title='bbox 393 1293 497 1336; x_wconf 88' lang='lat' dir='ltr'>illam</span> <span class='ocrx_word' id='word_1_149' title='bbox 528 1307 551 1334; x_wconf 85' lang='lat' dir='ltr'>a</span> <span class='ocrx_word' id='word_1_150' title='bbox 580 1306 623 1335; x_wconf 90' lang='lat' dir='ltr'>se</span> <span class='ocrx_word' id='word_1_151' title='bbox 654 1292 828 1334; x_wconf 90' lang='lat' dir='ltr'>sobolem</span> <span class='ocrx_word' id='word_1_152' title='bbox 858 1290 1060 1348; x_wconf 85' lang='lat' dir='ltr'>produxit.</span> 
     </span>
    </p>

    <p class='ocr_par' dir='ltr' id='par_1_7' title="bbox 88 1357 1641 1555">
     <span class='ocr_line' id='line_1_18' title="bbox 199 1357 1641 1418; baseline -0.003 -15"><span class='ocrx_word' id='word_1_153' title='bbox 199 1362 307 1404; x_wconf 83' lang='lat' dir='ltr'>vm.</span> <span class='ocrx_word' id='word_1_154' title='bbox 337 1360 383 1405; x_wconf 90' lang='lat' dir='ltr'>Si</span> <span class='ocrx_word' id='word_1_155' title='bbox 408 1362 607 1418; x_wconf 83' lang='lat' dir='ltr'>ingenitus</span> <span class='ocrx_word' id='word_1_156' title='bbox 629 1362 725 1403; x_wconf 88' lang='lat' dir='ltr'>deus</span> <span class='ocrx_word' id='word_1_157' title='bbox 745 1367 849 1402; x_wconf 86' lang='lat' dir='ltr'>totus</span> <span class='ocrx_word' id='word_1_158' title='bbox 872 1366 933 1402; x_wconf 86' lang='grc' dir='ltr'>εει</span> <span class='ocrx_word' id='word_1_159' title='bbox 955 1357 1116 1415; x_wconf 75' lang='lat' dir='ltr'>genitali</span> <span class='ocrx_word' id='word_1_160' title='bbox 1138 1358 1177 1400; x_wconf 84' lang='lat' dir='ltr'>vi</span> <span class='ocrx_word' id='word_1_161' title='bbox 1202 1357 1418 1415; x_wconf 85' lang='lat' dir='ltr'>praeditus,</span> <span class='ocrx_word' id='word_1_162' title='bbox 1451 1357 1553 1412; x_wconf 89' lang='lat' dir='ltr'>quod</span> <span class='ocrx_word' id='word_1_163' title='bbox 1571 1370 1641 1412; x_wconf 89' lang='lat' dir='ltr'>ge-</span> 
     </span>
     <span class='ocr_line' id='line_1_19' title="bbox 89 1424 1639 1483; baseline -0.004 -11"><span class='ocrx_word' id='word_1_164' title='bbox 89 1428 212 1474; x_wconf 75' lang='lat' dir='ltr'>nitum</span> <span class='ocrx_word' id='word_1_165' title='bbox 241 1437 304 1473; x_wconf 80' lang='lat' dir='ltr'>est</span> <span class='ocrx_word' id='word_1_166' title='bbox 324 1431 537 1473; x_wconf 83' lang='lat' dir='ltr'>secundum</span> <span class='ocrx_word' id='word_1_167' title='bbox 562 1429 819 1472; x_wconf 82' lang='lat' dir='ltr'>substantiam</span> <span class='ocrx_word' id='word_1_168' title='bbox 857 1442 936 1470; x_wconf 93' lang='lat' dir='ltr'>non</span> <span class='ocrx_word' id='word_1_169' title='bbox 962 1434 1025 1470; x_wconf 87' lang='lat' dir='ltr'>est</span> <span class='ocrx_word' id='word_1_170' title='bbox 1049 1427 1247 1483; x_wconf 89' lang='lat' dir='ltr'>genitum,</span> <span class='ocrx_word' id='word_1_171' title='bbox 1293 1439 1382 1467; x_wconf 91' lang='lat' dir='ltr'>cum</span> <span class='ocrx_word' id='word_1_172' title='bbox 1423 1425 1496 1467; x_wconf 90' lang='lat' dir='ltr'>toti</span> <span class='ocrx_word' id='word_1_173' title='bbox 1533 1424 1639 1467; x_wconf 91' lang='lat' dir='ltr'>illius</span> 
     </span>
     <span class='ocr_line' id='line_1_20' title="bbox 88 1493 1458 1555; baseline -0.005 -13"><span class='ocrx_word' id='word_1_174' title='bbox 88 1497 332 1541; x_wconf 76' lang='lat' dir='ltr'>substantiae</span> <span class='ocrx_word' id='word_1_175' title='bbox 362 1513 439 1541; x_wconf 92' lang='lat' dir='ltr'>non</span> <span class='ocrx_word' id='word_1_176' title='bbox 470 1506 512 1541; x_wconf 90' lang='lat' dir='ltr'>ut</span> <span class='ocrx_word' id='word_1_177' title='bbox 539 1505 775 1555; x_wconf 88' lang='lat' dir='ltr'>generetur,</span> <span class='ocrx_word' id='word_1_178' title='bbox 809 1497 876 1538; x_wconf 90' lang='lat' dir='ltr'>sed</span> <span class='ocrx_word' id='word_1_179' title='bbox 911 1504 952 1538; x_wconf 92' lang='lat' dir='ltr'>ut</span> <span class='ocrx_word' id='word_1_180' title='bbox 980 1503 1168 1552; x_wconf 84' lang='lat' dir='ltr'>generet,</span> <span class='ocrx_word' id='word_1_181' title='bbox 1200 1495 1361 1537; x_wconf 88' lang='lat' dir='ltr'>insitum</span> <span class='ocrx_word' id='word_1_182' title='bbox 1390 1493 1458 1536; x_wconf 88' lang='lat' dir='ltr'>sit.</span> 
     </span>
    </p>

    <p class='ocr_par' dir='ltr' id='par_1_8' title="bbox 202 1562 1640 1623">
     <span class='ocr_line' id='line_1_21' title="bbox 202 1562 1640 1623; baseline -0.005 -13"><span class='ocrx_word' id='word_1_183' title='bbox 202 1567 268 1610; x_wconf 80' lang='lat' dir='ltr'>IX.</span> <span class='ocrx_word' id='word_1_184' title='bbox 290 1565 407 1623; x_wconf 78' lang='lat' dir='ltr'>Quod</span> <span class='ocrx_word' id='word_1_185' title='bbox 431 1567 467 1610; x_wconf 79' lang='lat' dir='ltr'>si</span> <span class='ocrx_word' id='word_1_186' title='bbox 493 1568 533 1609; x_wconf 90' lang='lat' dir='ltr'>in</span> <span class='ocrx_word' id='word_1_187' title='bbox 567 1567 681 1609; x_wconf 91' lang='lat' dir='ltr'>aliam</span> <span class='ocrx_word' id='word_1_188' title='bbox 708 1567 872 1608; x_wconf 82' lang='lat' dir='ltr'>formam</span> <span class='ocrx_word' id='word_1_189' title='bbox 897 1571 1132 1607; x_wconf 85' lang='lat' dir='ltr'>commutata</span> <span class='ocrx_word' id='word_1_190' title='bbox 1158 1563 1221 1606; x_wconf 88' lang='lat' dir='ltr'>dei</span> <span class='ocrx_word' id='word_1_191' title='bbox 1241 1563 1460 1605; x_wconf 88' lang='lat' dir='ltr'>substantia</span> <span class='ocrx_word' id='word_1_192' title='bbox 1481 1562 1640 1604; x_wconf 84' lang='lat' dir='ltr'>soboles</span> 
     </span>
    </p>
   </div>
   <div class='ocr_carea' id='block_1_5' title="bbox 88 1632 1641 1693">
    <p class='ocr_par' dir='ltr' id='par_1_9' title="bbox 88 1632 1641 1693">
     <span class='ocr_line' id='line_1_22' title="bbox 88 1632 1641 1693; baseline -0.005 -13"><span class='ocrx_word' id='word_1_193' title='bbox 88 1635 246 1689; x_wconf 74' lang='lat' dir='ltr'>dieitur,</span> <span class='ocrx_word' id='word_1_194' title='bbox 278 1649 358 1679; x_wconf 89' lang='lat' dir='ltr'>non</span> <span class='ocrx_word' id='word_1_195' title='bbox 376 1636 452 1679; x_wconf 89' lang='lat' dir='ltr'>erit</span> <span class='ocrx_word' id='word_1_196' title='bbox 475 1636 540 1678; x_wconf 85' lang='lat' dir='ltr'>illa</span> <span class='ocrx_word' id='word_1_197' title='bbox 562 1637 647 1693; x_wconf 89' lang='lat' dir='ltr'>ipsa</span> <span class='ocrx_word' id='word_1_198' title='bbox 666 1634 729 1677; x_wconf 92' lang='lat' dir='ltr'>dei</span> <span class='ocrx_word' id='word_1_199' title='bbox 751 1634 969 1677; x_wconf 88' lang='lat' dir='ltr'>substantia</span> <span class='ocrx_word' id='word_1_200' title='bbox 994 1632 1218 1675; x_wconf 87' lang='lat' dir='ltr'>mutationis</span> <span class='ocrx_word' id='word_1_201' title='bbox 1241 1645 1403 1688; x_wconf 80' lang='lat' dir='ltr'>expers,</span> <span class='ocrx_word' id='word_1_202' title='bbox 1437 1645 1525 1673; x_wconf 88' lang='lat' dir='ltr'>cum</span> <span class='ocrx_word' id='word_1_203' title='bbox 1550 1644 1641 1687; x_wconf 90' lang='lat' dir='ltr'>pro-</span> 
     </span>
    </p>
   </div>
   <div class='ocr_carea' id='block_1_6' title="bbox 89 1703 1641 1829">
    <p class='ocr_par' dir='ltr' id='par_1_10' title="bbox 89 1703 1641 1829">
     <span class='ocr_line' id='line_1_23' title="bbox 89 1703 1062 1763; baseline -0.005 -15"><span class='ocrx_word' id='word_1_204' title='bbox 89 1704 175 1763; x_wconf 74' lang='lat' dir='ltr'>pria</span> <span class='ocrx_word' id='word_1_205' title='bbox 204 1703 273 1747; x_wconf 85' lang='lat' dir='ltr'>lilii</span> <span class='ocrx_word' id='word_1_206' title='bbox 302 1704 476 1747; x_wconf 89' lang='lat' dir='ltr'>conditio</span> <span class='ocrx_word' id='word_1_207' title='bbox 506 1704 722 1746; x_wconf 90' lang='lat' dir='ltr'>mutatione</span> <span class='ocrx_word' id='word_1_208' title='bbox 751 1703 964 1745; x_wconf 86' lang='lat' dir='ltr'>constituta</span> <span class='ocrx_word' id='word_1_209' title='bbox 997 1703 1062 1743; x_wconf 88' lang='lat' dir='ltr'>sit.</span> 
     </span>
     <span class='ocr_line' id='line_1_24' title="bbox 198 1769 1641 1829; baseline -0.005 -13"><span class='ocrx_word' id='word_1_210' title='bbox 198 1774 249 1815; x_wconf 85' lang='lat' dir='ltr'>X.</span> <span class='ocrx_word' id='word_1_211' title='bbox 281 1770 397 1829; x_wconf 77' lang='lat' dir='ltr'>Quod</span> <span class='ocrx_word' id='word_1_212' title='bbox 429 1772 463 1815; x_wconf 87' lang='lat' dir='ltr'>si</span> <span class='ocrx_word' id='word_1_213' title='bbox 494 1773 625 1815; x_wconf 88' lang='lat' dir='ltr'>divina</span> <span class='ocrx_word' id='word_1_214' title='bbox 657 1772 873 1815; x_wconf 88' lang='lat' dir='ltr'>substantia</span> <span class='ocrx_word' id='word_1_215' title='bbox 907 1770 1133 1813; x_wconf 83' lang='lat' dir='ltr'>mutationis</span> <span class='ocrx_word' id='word_1_216' title='bbox 1154 1776 1214 1812; x_wconf 88' lang='lat' dir='ltr'>est</span> <span class='ocrx_word' id='word_1_217' title='bbox 1238 1769 1366 1811; x_wconf 91' lang='lat' dir='ltr'>omnis</span> <span class='ocrx_word' id='word_1_218' title='bbox 1389 1782 1558 1825; x_wconf 85' lang='lat' dir='ltr'>expers,</span> <span class='ocrx_word' id='word_1_219' title='bbox 1601 1775 1641 1810; x_wconf 91' lang='lat' dir='ltr'>et</span> 
     </span>
    </p>
   </div>
   <div class='ocr_carea' id='block_1_7' title="bbox 87 1838 1640 1900">
    <p class='ocr_par' dir='ltr' id='par_1_11' title="bbox 87 1838 1640 1900">
     <span class='ocr_line' id='line_1_25' title="bbox 87 1838 1640 1900; baseline -0.005 -15"><span class='ocrx_word' id='word_1_220' title='bbox 87 1841 344 1900; x_wconf 70' lang='lat' dir='ltr'>generatione</span> <span class='ocrx_word' id='word_1_221' title='bbox 365 1842 568 1898; x_wconf 85' lang='lat' dir='ltr'>superior,</span> <span class='ocrx_word' id='word_1_222' title='bbox 601 1841 780 1899; x_wconf 88' lang='lat' dir='ltr'>quicquid</span> <span class='ocrx_word' id='word_1_223' title='bbox 800 1841 848 1882; x_wconf 91' lang='lat' dir='ltr'>ad</span> <span class='ocrx_word' id='word_1_224' title='bbox 872 1840 988 1882; x_wconf 85' lang='lat' dir='ltr'>lilium</span> <span class='ocrx_word' id='word_1_225' title='bbox 1012 1839 1206 1896; x_wconf 87' lang='lat' dir='ltr'>pertinet,</span> <span class='ocrx_word' id='word_1_226' title='bbox 1247 1838 1332 1880; x_wconf 89' lang='lat' dir='ltr'>sola</span> <span class='ocrx_word' id='word_1_227' title='bbox 1355 1838 1548 1879; x_wconf 77' lang='lat' dir='ltr'>duntaxat</span> <span class='ocrx_word' id='word_1_228' title='bbox 1572 1851 1640 1893; x_wconf 89' lang='lat' dir='ltr'>ap-</span> 
     </span>
    </p>
   </div>
   <div class='ocr_carea' id='block_1_8' title="bbox 87 1910 1639 2104">
    <p class='ocr_par' dir='ltr' id='par_1_12' title="bbox 87 1910 1639 2104">
     <span class='ocr_line' id='line_1_26' title="bbox 87 1910 611 1968; baseline -0.002 -15"><span class='ocrx_word' id='word_1_229' title='bbox 87 1910 300 1968; x_wconf 85' lang='lat' dir='ltr'>pellatione</span> <span class='ocrx_word' id='word_1_230' title='bbox 329 1910 611 1968; x_wconf 75' lang='lat' dir='ltr'>profitebimur.</span> 
     </span>
     <span class='ocr_line' id='line_1_27' title="bbox 199 1974 1634 2035; baseline -0.004 -14"><span class='ocrx_word' id='word_1_231' title='bbox 199 1978 267 2022; x_wconf 78' lang='lat' dir='ltr'>xl.</span> <span class='ocrx_word' id='word_1_232' title='bbox 299 1974 346 2021; x_wconf 81' lang='lat' dir='ltr'>Si</span> <span class='ocrx_word' id='word_1_233' title='bbox 366 1979 406 2020; x_wconf 90' lang='lat' dir='ltr'>in</span> <span class='ocrx_word' id='word_1_234' title='bbox 431 1979 609 2035; x_wconf 83' lang='lat' dir='ltr'>ingenito</span> <span class='ocrx_word' id='word_1_235' title='bbox 641 1979 715 2021; x_wconf 90' lang='lat' dir='ltr'>deo</span> <span class='ocrx_word' id='word_1_236' title='bbox 745 1978 876 2035; x_wconf 84' lang='lat' dir='ltr'>genita</span> <span class='ocrx_word' id='word_1_237' title='bbox 907 1977 1088 2029; x_wconf 78' lang='lat' dir='ltr'>soboles,</span> <span class='ocrx_word' id='word_1_238' title='bbox 1132 1976 1240 2018; x_wconf 87' lang='lat' dir='ltr'>velut</span> <span class='ocrx_word' id='word_1_239' title='bbox 1277 1974 1426 2017; x_wconf 87' lang='lat' dir='ltr'>semine</span> <span class='ocrx_word' id='word_1_240' title='bbox 1451 1974 1634 2030; x_wconf 89' lang='lat' dir='ltr'>quodam,</span> 
     </span>
     <span class='ocr_line' id='line_1_28' title="bbox 88 2046 1639 2104; baseline -0.003 -15"><span class='ocrx_word' id='word_1_241' title='bbox 88 2046 380 2100; x_wconf 72' lang='lat' dir='ltr'>continebatur,</span> <span class='ocrx_word' id='word_1_242' title='bbox 414 2054 501 2104; x_wconf 83' lang='lat' dir='ltr'>post</span> <span class='ocrx_word' id='word_1_243' title='bbox 520 2048 815 2103; x_wconf 79' lang='lat' dir='ltr'>generationem</span> <span class='ocrx_word' id='word_1_244' title='bbox 835 2046 964 2103; x_wconf 85' lang='lat' dir='ltr'>aliqua</span> <span class='ocrx_word' id='word_1_245' title='bbox 986 2060 1029 2088; x_wconf 90' lang='lat' dir='ltr'>re</span> <span class='ocrx_word' id='word_1_246' title='bbox 1050 2046 1302 2088; x_wconf 89' lang='lat' dir='ltr'>extrinsecus</span> <span class='ocrx_word' id='word_1_247' title='bbox 1319 2050 1520 2100; x_wconf 87' lang='lat' dir='ltr'>assumpta</span> <span class='ocrx_word' id='word_1_248' title='bbox 1544 2057 1639 2085; x_wconf 87' lang='lat' dir='ltr'>con-</span> 
     </span>
    </p>
   </div>
   <div class='ocr_carea' id='block_1_9' title="bbox 0 2112 1639 2172">
    <p class='ocr_par' dir='ltr' id='par_1_13' title="bbox 0 2112 1639 2172">
     <span class='ocr_line' id='line_1_29' title="bbox 0 2112 1639 2172; baseline -0.004 -13"><span class='ocrx_word' id='word_1_249' title='bbox 0 2120 19 2141; x_wconf 74' lang='lat'>⁸</span> <span class='ocrx_word' id='word_1_250' title='bbox 88 2116 240 2159; x_wconf 68' lang='lat' dir='ltr'>firnata</span> <span class='ocrx_word' id='word_1_251' title='bbox 262 2115 594 2172; x_wconf 86' lang='lat' dir='ltr'>corroborataque</span> <span class='ocrx_word' id='word_1_252' title='bbox 617 2116 750 2158; x_wconf 77' lang='lat' dir='ltr'>fuerit.</span> <span class='ocrx_word' id='word_1_253' title='bbox 813 2113 1079 2171; x_wconf 82' lang='lat' dir='ltr'>Quamobrem</span> <span class='ocrx_word' id='word_1_254' title='bbox 1101 2129 1178 2156; x_wconf 93' lang='lat' dir='ltr'>non</span> <span class='ocrx_word' id='word_1_255' title='bbox 1197 2128 1249 2156; x_wconf 88' lang='lat' dir='ltr'>ex</span> <span class='ocrx_word' id='word_1_256' title='bbox 1270 2112 1319 2155; x_wconf 88' lang='lat' dir='ltr'>iis</span> <span class='ocrx_word' id='word_1_257' title='bbox 1345 2126 1445 2168; x_wconf 89' lang='lat' dir='ltr'>quae</span> <span class='ocrx_word' id='word_1_258' title='bbox 1471 2125 1639 2168; x_wconf 86' lang='lat' dir='ltr'>genera-</span> 
     </span>
    </p>
   </div>
   <div class='ocr_carea' id='block_1_10' title="bbox 86 2181 1638 2789">
    <p class='ocr_par' dir='ltr' id='par_1_14' title="bbox 87 2181 1638 2432">
     <span class='ocr_line' id='line_1_30' title="bbox 88 2181 1638 2237; baseline -0.003 -10"><span class='ocrx_word' id='word_1_259' title='bbox 88 2184 196 2227; x_wconf 88' lang='lat' dir='ltr'>tione</span> <span class='ocrx_word' id='word_1_260' title='bbox 217 2184 382 2227; x_wconf 78' lang='lat' dir='ltr'>sortitus</span> <span class='ocrx_word' id='word_1_261' title='bbox 404 2191 489 2237; x_wconf 89' lang='lat' dir='ltr'>est,</span> <span class='ocrx_word' id='word_1_262' title='bbox 529 2185 598 2226; x_wconf 92' lang='lat' dir='ltr'>sed</span> <span class='ocrx_word' id='word_1_263' title='bbox 632 2198 682 2226; x_wconf 75' lang='lat' dir='ltr'>ex</span> <span class='ocrx_word' id='word_1_264' title='bbox 711 2184 915 2227; x_wconf 89' lang='lat' dir='ltr'>adscititiis</span> <span class='ocrx_word' id='word_1_265' title='bbox 939 2184 1015 2226; x_wconf 87' lang='lat' dir='ltr'>illis</span> <span class='ocrx_word' id='word_1_266' title='bbox 1049 2183 1166 2226; x_wconf 89' lang='lat' dir='ltr'>babet</span> <span class='ocrx_word' id='word_1_267' title='bbox 1200 2182 1324 2233; x_wconf 85' lang='lat' dir='ltr'>filius,</span> <span class='ocrx_word' id='word_1_268' title='bbox 1365 2188 1406 2223; x_wconf 92' lang='lat' dir='ltr'>ut</span> <span class='ocrx_word' id='word_1_269' title='bbox 1439 2181 1638 2237; x_wconf 79' lang='lat' dir='ltr'>perfectus</span> 
     </span>
     <span class='ocr_line' id='line_1_31' title="bbox 87 2249 1637 2309; baseline -0.004 -14"><span class='ocrx_word' id='word_1_270' title='bbox 87 2249 368 2309; x_wconf 75' lang='lat' dir='ltr'>absolutusque</span> <span class='ocrx_word' id='word_1_271' title='bbox 390 2253 455 2296; x_wconf 81' lang='lat' dir='ltr'>sit.</span> <span class='ocrx_word' id='word_1_272' title='bbox 504 2250 609 2295; x_wconf 89' lang='lat' dir='ltr'>Nam</span> <span class='ocrx_word' id='word_1_273' title='bbox 631 2266 899 2309; x_wconf 85' lang='lat' dir='ltr'>quaecumque</span> <span class='ocrx_word' id='word_1_274' title='bbox 923 2252 1153 2295; x_wconf 85' lang='lat' dir='ltr'>naturaliter</span> <span class='ocrx_word' id='word_1_275' title='bbox 1175 2249 1444 2293; x_wconf 84' lang='lat' dir='ltr'>accessionem</span> <span class='ocrx_word' id='word_1_276' title='bbox 1470 2249 1637 2305; x_wconf 84' lang='lat' dir='ltr'>aliquam</span> 
     </span>
     <span class='ocr_line' id='line_1_32' title="bbox 87 2318 1638 2379; baseline -0.004 -15"><span class='ocrx_word' id='word_1_277' title='bbox 87 2321 261 2379; x_wconf 82' lang='lat' dir='ltr'>eepinnt,</span> <span class='ocrx_word' id='word_1_278' title='bbox 294 2328 429 2379; x_wconf 86' lang='lat' dir='ltr'>utpote</span> <span class='ocrx_word' id='word_1_279' title='bbox 452 2335 505 2363; x_wconf 87' lang='lat' dir='ltr'>ex</span> <span class='ocrx_word' id='word_1_280' title='bbox 531 2321 606 2363; x_wconf 83' lang='lat' dir='ltr'>illis</span> <span class='ocrx_word' id='word_1_281' title='bbox 628 2320 725 2377; x_wconf 86' lang='lat' dir='ltr'>ipsis</span> <span class='ocrx_word' id='word_1_282' title='bbox 745 2321 974 2372; x_wconf 81' lang='lat' dir='ltr'>constituta,</span> <span class='ocrx_word' id='word_1_283' title='bbox 1008 2320 1172 2377; x_wconf 77' lang='lat' dir='ltr'>perfecti</span> <span class='ocrx_word' id='word_1_284' title='bbox 1198 2333 1339 2362; x_wconf 90' lang='lat' dir='ltr'>nomeu</span> <span class='ocrx_word' id='word_1_285' title='bbox 1365 2318 1522 2360; x_wconf 86' lang='lat' dir='ltr'>diversa</span> <span class='ocrx_word' id='word_1_286' title='bbox 1543 2330 1638 2373; x_wconf 89' lang='lat' dir='ltr'>qua-</span> 
     </span>
     <span class='ocr_line' id='line_1_33' title="bbox 88 2389 770 2432; baseline -0.001 0"><span class='ocrx_word' id='word_1_287' title='bbox 88 2389 177 2432; x_wconf 76' lang='lat' dir='ltr'>dem</span> <span class='ocrx_word' id='word_1_288' title='bbox 205 2389 361 2432; x_wconf 86' lang='lat' dir='ltr'>ratione</span> <span class='ocrx_word' id='word_1_289' title='bbox 390 2390 519 2432; x_wconf 87' lang='lat' dir='ltr'>solent</span> <span class='ocrx_word' id='word_1_290' title='bbox 549 2389 770 2431; x_wconf 87' lang='lat' dir='ltr'>admittere.</span> 
     </span>
    </p>

    <p class='ocr_par' dir='ltr' id='par_1_15' title="bbox 86 2453 1638 2789">
     <span class='ocr_line' id='line_1_34' title="bbox 199 2453 1635 2515; baseline -0.003 -15"><span class='ocrx_word' id='word_1_291' title='bbox 199 2458 286 2500; x_wconf 83' lang='lat' dir='ltr'>xlt.</span> <span class='ocrx_word' id='word_1_292' title='bbox 314 2456 360 2501; x_wconf 90' lang='lat' dir='ltr'>Si</span> <span class='ocrx_word' id='word_1_293' title='bbox 382 2460 556 2515; x_wconf 78' lang='lat' dir='ltr'>perlecta</span> <span class='ocrx_word' id='word_1_294' title='bbox 588 2458 627 2499; x_wconf 92' lang='lat' dir='ltr'>in</span> <span class='ocrx_word' id='word_1_295' title='bbox 661 2457 833 2513; x_wconf 80' lang='lat' dir='ltr'>ingenito</span> <span class='ocrx_word' id='word_1_296' title='bbox 855 2458 988 2514; x_wconf 86' lang='lat' dir='ltr'>genita</span> <span class='ocrx_word' id='word_1_297' title='bbox 1010 2457 1168 2500; x_wconf 85' lang='lat' dir='ltr'>soboles</span> <span class='ocrx_word' id='word_1_298' title='bbox 1188 2463 1288 2507; x_wconf 91' lang='lat' dir='ltr'>erat,</span> <span class='ocrx_word' id='word_1_299' title='bbox 1321 2454 1454 2510; x_wconf 86' lang='lat' dir='ltr'>genita</span> <span class='ocrx_word' id='word_1_300' title='bbox 1478 2453 1635 2496; x_wconf 87' lang='lat' dir='ltr'>soboles</span> 
     </span>
     <span class='ocr_line' id='line_1_35' title="bbox 88 2520 1637 2583; baseline -0.005 -13"><span class='ocrx_word' id='word_1_301' title='bbox 88 2533 151 2570; x_wconf 74' lang='lat' dir='ltr'>est</span> <span class='ocrx_word' id='word_1_302' title='bbox 173 2539 252 2568; x_wconf 88' lang='lat' dir='ltr'>non</span> <span class='ocrx_word' id='word_1_303' title='bbox 275 2540 328 2568; x_wconf 82' lang='lat' dir='ltr'>ex</span> <span class='ocrx_word' id='word_1_304' title='bbox 349 2526 399 2569; x_wconf 89' lang='lat' dir='ltr'>iis</span> <span class='ocrx_word' id='word_1_305' title='bbox 427 2540 526 2583; x_wconf 87' lang='lat' dir='ltr'>quae</span> <span class='ocrx_word' id='word_1_306' title='bbox 560 2540 645 2568; x_wconf 91' lang='lat' dir='ltr'>cum</span> <span class='ocrx_word' id='word_1_307' title='bbox 669 2526 718 2567; x_wconf 87' lang='lat' dir='ltr'>ab</span> <span class='ocrx_word' id='word_1_308' title='bbox 740 2525 916 2581; x_wconf 87' lang='lat' dir='ltr'>ingenito</span> <span class='ocrx_word' id='word_1_309' title='bbox 937 2526 1168 2582; x_wconf 84' lang='lat' dir='ltr'>gigneretur</span> <span class='ocrx_word' id='word_1_310' title='bbox 1193 2523 1374 2567; x_wconf 87' lang='lat' dir='ltr'>obtinuit.</span> <span class='ocrx_word' id='word_1_311' title='bbox 1439 2520 1542 2564; x_wconf 87' lang='lat' dir='ltr'>Nam</span> <span class='ocrx_word' id='word_1_312' title='bbox 1568 2535 1637 2578; x_wconf 87' lang='lat' dir='ltr'>ge-</span> 
     </span>
     <span class='ocr_line' id='line_1_36' title="bbox 89 2590 1637 2652; baseline -0.004 -14"><span class='ocrx_word' id='word_1_313' title='bbox 89 2595 172 2638; x_wconf 74' lang='lat' dir='ltr'>nita</span> <span class='ocrx_word' id='word_1_314' title='bbox 194 2601 336 2638; x_wconf 80' lang='lat' dir='ltr'>natura</span> <span class='ocrx_word' id='word_1_315' title='bbox 354 2595 394 2638; x_wconf 91' lang='lat' dir='ltr'>in</span> <span class='ocrx_word' id='word_1_316' title='bbox 415 2595 591 2652; x_wconf 84' lang='lat' dir='ltr'>ingenita</span> <span class='ocrx_word' id='word_1_317' title='bbox 620 2593 839 2636; x_wconf 83' lang='lat' dir='ltr'>substantia</span> <span class='ocrx_word' id='word_1_318' title='bbox 861 2607 950 2636; x_wconf 86' lang='lat' dir='ltr'>esse</span> <span class='ocrx_word' id='word_1_319' title='bbox 971 2608 1048 2637; x_wconf 91' lang='lat' dir='ltr'>nou</span> <span class='ocrx_word' id='word_1_320' title='bbox 1072 2601 1225 2651; x_wconf 79' lang='lat' dir='ltr'>potest;</span> <span class='ocrx_word' id='word_1_321' title='bbox 1269 2599 1378 2635; x_wconf 90' lang='lat' dir='ltr'>esset</span> <span class='ocrx_word' id='word_1_322' title='bbox 1397 2591 1499 2633; x_wconf 91' lang='lat' dir='ltr'>enim</span> <span class='ocrx_word' id='word_1_323' title='bbox 1521 2590 1637 2633; x_wconf 85' lang='lat' dir='ltr'>simul</span> 
     </span>
     <span class='ocr_line' id='line_1_37' title="bbox 86 2661 1638 2719; baseline -0.003 -13"><span class='ocrx_word' id='word_1_324' title='bbox 86 2662 190 2707; x_wconf 77' lang='lat' dir='ltr'>ide·</span> <span class='ocrx_word' id='word_1_325' title='bbox 213 2670 254 2706; x_wconf 88' lang='lat' dir='ltr'>et</span> <span class='ocrx_word' id='word_1_326' title='bbox 276 2678 355 2706; x_wconf 91' lang='lat' dir='ltr'>non</span> <span class='ocrx_word' id='word_1_327' title='bbox 378 2671 501 2707; x_wconf 86' lang='lat' dir='ltr'>esset.</span> <span class='ocrx_word' id='word_1_328' title='bbox 562 2661 666 2706; x_wconf 88' lang='lat' dir='ltr'>Nam</span> <span class='ocrx_word' id='word_1_329' title='bbox 687 2663 787 2719; x_wconf 90' lang='lat' dir='ltr'>quod</span> <span class='ocrx_word' id='word_1_330' title='bbox 812 2661 987 2719; x_wconf 84' lang='lat' dir='ltr'>genitum</span> <span class='ocrx_word' id='word_1_331' title='bbox 1009 2670 1092 2714; x_wconf 86' lang='lat' dir='ltr'>est,</span> <span class='ocrx_word' id='word_1_332' title='bbox 1137 2661 1351 2717; x_wconf 83' lang='lat' dir='ltr'>ingenitum</span> <span class='ocrx_word' id='word_1_333' title='bbox 1376 2674 1453 2702; x_wconf 93' lang='lat' dir='ltr'>non</span> <span class='ocrx_word' id='word_1_334' title='bbox 1478 2666 1563 2712; x_wconf 88' lang='lat' dir='ltr'>est,</span> <span class='ocrx_word' id='word_1_335' title='bbox 1596 2666 1638 2702; x_wconf 91' lang='grc' dir='ltr'>ει</span> 
     </span>
     <span class='ocr_line' id='line_1_38' title="bbox 89 2728 1632 2789; baseline -0.003 -14"><span class='ocrx_word' id='word_1_336' title='bbox 89 2733 190 2789; x_wconf 86' lang='lat' dir='ltr'>qnod</span> <span class='ocrx_word' id='word_1_337' title='bbox 215 2731 430 2788; x_wconf 85' lang='lat' dir='ltr'>ingenitum</span> <span class='ocrx_word' id='word_1_338' title='bbox 457 2739 540 2785; x_wconf 88' lang='lat' dir='ltr'>est,</span> <span class='ocrx_word' id='word_1_339' title='bbox 582 2732 755 2788; x_wconf 83' lang='lat' dir='ltr'>genitum</span> <span class='ocrx_word' id='word_1_340' title='bbox 782 2745 859 2772; x_wconf 92' lang='lat' dir='ltr'>non</span> <span class='ocrx_word' id='word_1_341' title='bbox 891 2731 976 2772; x_wconf 87' lang='lat' dir='ltr'>l&#39;uit.</span> <span class='ocrx_word' id='word_1_342' title='bbox 1039 2728 1193 2788; x_wconf 84' lang='lat' dir='ltr'>Quippe</span> <span class='ocrx_word' id='word_1_343' title='bbox 1214 2729 1443 2772; x_wconf 86' lang='lat' dir='ltr'>dissimilem</span> <span class='ocrx_word' id='word_1_344' title='bbox 1464 2728 1632 2784; x_wconf 81' lang='lat' dir='ltr'>aliquam</span> 
     </span>
    </p>
   </div>
   <div class='ocr_carea' id='block_1_11' title="bbox 0 2796 1633 2858">
    <p class='ocr_par' dir='ltr' id='par_1_16' title="bbox 0 2796 1633 2858">
     <span class='ocr_line' id='line_1_39' title="bbox 0 2796 1633 2858; baseline -0.002 -16"><span class='ocrx_word' id='word_1_345' title='bbox 0 2845 5 2849; x_wconf 60' lang='grc'><strong>,</strong></span> <span class='ocrx_word' id='word_1_346' title='bbox 89 2801 164 2843; x_wconf 85' lang='lat' dir='ltr'>deo</span> <span class='ocrx_word' id='word_1_347' title='bbox 201 2808 351 2858; x_wconf 88' lang='lat' dir='ltr'>partem</span> <span class='ocrx_word' id='word_1_348' title='bbox 380 2802 591 2858; x_wconf 81' lang='lat' dir='ltr'>affingere,</span> <span class='ocrx_word' id='word_1_349' title='bbox 629 2798 824 2842; x_wconf 85' lang='lat' dir='ltr'>maledicti</span> <span class='ocrx_word' id='word_1_350' title='bbox 853 2799 892 2840; x_wconf 91' lang='lat' dir='ltr'>in</span> <span class='ocrx_word' id='word_1_351' title='bbox 921 2799 1093 2841; x_wconf 85' lang='lat' dir='ltr'>divinum</span> <span class='ocrx_word' id='word_1_352' title='bbox 1123 2812 1266 2841; x_wconf 90' lang='lat' dir='ltr'>numen</span> <span class='ocrx_word' id='word_1_353' title='bbox 1296 2811 1342 2840; x_wconf 86' lang='lat' dir='ltr'>ac</span> <span class='ocrx_word' id='word_1_354' title='bbox 1373 2796 1633 2840; x_wconf 87' lang='lat' dir='ltr'>contumeliae</span> 
     </span>
    </p>
   </div>
   <div class='ocr_carea' id='block_1_12' title="bbox 89 2869 479 2927">
    <p class='ocr_par' dir='ltr' id='par_1_17' title="bbox 89 2869 479 2927">
     <span class='ocr_line' id='line_1_40' title="bbox 89 2869 479 2927; baseline 0 -15"><span class='ocrx_word' id='word_1_355' title='bbox 89 2869 260 2926; x_wconf 73' lang='lat' dir='ltr'>speciem</span> <span class='ocrx_word' id='word_1_356' title='bbox 291 2871 479 2927; x_wconf 75' lang='lat' dir='ltr'>praefert.</span> 
     </span>
    </p>
   </div>
   <div class='ocr_carea' id='block_1_13' title="bbox 46 2976 1635 3074">
    <p class='ocr_par' dir='ltr' id='par_1_18' title="bbox 46 2976 1635 3074">
     <span class='ocr_line' id='line_1_41' title="bbox 134 2976 1635 3027; baseline -0.002 -8"><span class='ocrx_word' id='word_1_357' title='bbox 134 2982 188 3019; x_wconf 78' lang='lat'>26.</span> <span class='ocrx_word' id='word_1_358' title='bbox 209 2984 298 3025; x_wconf 68' lang='lat' dir='ltr'>Infra</span> <span class='ocrx_word' id='word_1_359' title='bbox 365 2982 499 3019; x_wconf 59' lang='grc' dir='ltr'><strong>οἴεσθαι</strong></span> <span class='ocrx_word' id='word_1_360' title='bbox 520 2983 677 3027; x_wconf 67' lang='grc' dir='ltr'><strong>πέφυκεν.</strong></span> <span class='ocrx_word' id='word_1_361' title='bbox 884 2983 1048 3024; x_wconf 67' lang='lat' dir='ltr'>vulgatam</span> <span class='ocrx_word' id='word_1_362' title='bbox 1078 2980 1227 3025; x_wconf 74' lang='grc' dir='ltr'><strong>γέννημα</strong></span> <span class='ocrx_word' id='word_1_363' title='bbox 1258 2979 1291 3015; x_wconf 70' lang='grc' dir='ltr'>ἐν</span> <span class='ocrx_word' id='word_1_364' title='bbox 1331 2976 1526 3027; x_wconf 68' lang='grc' dir='ltr'><strong>ἆγεννῆτῳ,</strong></span> <span class='ocrx_word' id='word_1_365' title='bbox 1561 2979 1635 3026; x_wconf 70' lang='grc' dir='ltr'>γέν·</span> 
     </span>
     <span class='ocr_line' id='line_1_42' title="bbox 46 3024 1402 3074; baseline -0.003 -11"><span class='ocrx_word' id='word_1_366' title='bbox 46 3050 50 3054; x_wconf 92' lang='grc'>-</span> <span class='ocrx_word' id='word_1_367' title='bbox 133 3029 187 3063; x_wconf 81' lang='lat'>27.</span> <span class='ocrx_word' id='word_1_368' title='bbox 209 3030 296 3071; x_wconf 69' lang='lat' dir='ltr'>Infra</span> <span class='ocrx_word' id='word_1_369' title='bbox 319 3041 338 3064; x_wconf 84' lang='grc' dir='ltr'>τ</span> <span class='ocrx_word' id='word_1_370' title='bbox 379 3029 537 3074; x_wconf 78' lang='grc' dir='ltr'>γέννημα.</span> <span class='ocrx_word' id='word_1_371' title='bbox 562 3030 840 3072; x_wconf 77' lang='lat' dir='ltr'>lneerpunctionem</span> <span class='ocrx_word' id='word_1_372' title='bbox 886 3024 978 3072; x_wconf 81' lang='grc' dir='ltr'><strong>νημά</strong></span> <span class='ocrx_word' id='word_1_373' title='bbox 1003 3026 1073 3063; x_wconf 71' lang='grc' dir='ltr'><strong>ἐστι</strong></span> <span class='ocrx_word' id='word_1_374' title='bbox 1096 3029 1218 3062; x_wconf 63' lang='lat' dir='ltr'>coms(</span> <span class='ocrx_word' id='word_1_375' title='bbox 1240 3035 1279 3060; x_wconf 72' lang='lat' dir='ltr'>ea:</span> <span class='ocrx_word' id='word_1_376' title='bbox 1303 3028 1402 3070; x_wconf 65' lang='lat' dir='ltr'>Restat,</span> 
     </span>
    </p>
   </div>
  </div>
 </body>
</html>
