2020 3276
411 225 593 260 rmum
618 224 703 259 Lis.
720 225 781 259 111.
806 225 916 259 ΤοΜ.
938 226 978 259 n.
1003 224 1138 259 narn.
1159 224 1339 257 Lxxvn.
1565 214 1643 258 371

103 307 247 354 νὴ.
295 303 412 359 ιΝιιιι
447 318 535 348 cum
570 317 748 347 essemus
772 303 1031 356 Antiochiae,
1074 305 1114 347 in
1140 304 1348 361 primarios
1374 303 1527 346 illorum
1553 302 1651 345 inci-

102 374 256 427 ω,
293 373 399 417 inter
430 387 530 430 quos
561 380 649 415 erat
679 371 821 415 Vitatis
851 372 1082 429 episcopus,
1126 373 1242 414 homo
1265 373 1367 423 vita,
1411 371 1586 413 moribus
1612 377 1652 413 et

102 443 284 489 ’uait-to
314 441 648 498 religiosissimus.
710 440 773 482 Ac
798 455 887 483 cum
922 455 1161 497 magnopere
1193 440 1299 482 iilum
1335 440 1648 492 adhortaremur,

103 518 351 558 “auctores
381 524 585 562 essemus,
629 516 671 551 ut
693 522 781 551 cum
818 509 1010 552 ecclesiae
1034 508 1251 551 catholicae
1284 510 1358 550 fide
1389 509 1649 559 consentiret,

105 593 154 625 ae
170 579 458 624 contentiosam
478 578 580 620 iliam
601 591 739 621 vocem
763 577 1118 633 praetermitteret,
1163 578 1209 619 ad
1233 577 1328 619 haec
1349 578 1402 619 ita
1422 576 1566 619 Vitatis
1587 590 1655 619 oc·

105 647 306 692 currebat.
365 646 469 702 Quid
491 654 568 698 est,
600 646 740 702 inquit,
772 652 1070 688 controversum
1095 645 1199 687 inter
1220 660 1309 697 nos,
1342 653 1381 687 et
1401 645 1655 701 ambiguum?

107 715 288 761 Habebat
303 722 432 758 antem
454 714 632 757 nonnihil
653 729 739 756 cum
756 712 923 756 Paulino
940 714 1124 770 episcopo
1144 714 1331 769 religioso
1354 721 1470 769 atque
1494 713 1654 770 egregio

106 785 196 828 viro
227 784 469 835 discordiae,
512 782 764 838 vicissimque
793 780 982 824 Paulinus
1019 796 1043 824 a
1071 780 1216 834 Vitali,
1258 796 1370 837 quem
1404 789 1484 824 tum
1521 796 1656 824 arcer·

107 852 296 906 sivi-us,
343 851 570 894 dissidebat.
646 849 758 906 Quos
797 850 952 906 quidem
988 850 1093 892 inter
1125 865 1215 893 sese
1254 850 1467 892 conciliare
1507 850 1655 892 studui-

102 934 220 975 ,ως
245 945 303 954 -
340 920 457 964 ambo
481 919 584 962 enim
610 934 695 962 cum
722 928 870 962 rectam
903 933 950 961 ac
975 921 1172 962 sinceram
1207 919 1318 960 fidem
1345 919 1518 975 profiteri
1549 919 1658 961 vide-

108 995 272 1042 mur,
317 989 438 1031 certis
468 989 516 1030 de
552 988 704 1031 caussis
736 1002 759 1029 a
793 1002 838 1030 se
868 995 1002 1030 mutuo
1038 987 1349 1038 dissentiebant3
1394 1002 1481 1030 nam
1514 986 1658 1029 Vitatis

108 1055 279 1105 Paline
306 1054 520 1101 Sabelliani
554 1057 746 1113 quandam
778 1056 973 1112 dogmatis
1005 1070 1142 1098 vocem
1174 1055 1392 1098 obiicebat:
1438 1056 1540 1098 unde
1572 1070 1659 1098 cum

111 1136 257 1172 ets-nes
274 1126 602 1174 emissemus,
645 1125 693 1166 ab
715 1125 893 1167 absoluta
915 1139 1002 1167 cum
1026 1123 1193 1167 Paulino
1215 1124 1491 1167 communione
1512 1131 1660 1180 tempe-

111 1195 313 1247 ravi-ns,
356 1194 482 1237 donec
509 1194 640 1236 oblata
660 1193 749 1235 fidei
771 1193 1046 1250 professione,
1092 1207 1206 1249 quam
1232 1192 1380 1250 scripto
1404 1193 1661 1249 comprehen-

114 1263 250 1316 derat,
291 1261 396 1306 aliud
418 1262 631 1319 persuasit.
692 1259 819 1316 Quam
842 1261 996 1318 quidem
1020 1262 1305 1318 professionem
1336 1262 1569 1306 assensione
1591 1275 1662 1304 sua

114 1331 366 1375 confirmarat
380 1338 512 1382 antea,
534 1345 620 1372 cum
640 1343 684 1372 se
706 1331 806 1386 apud
827 1330 982 1372 beatum
1005 1330 1264 1374 Athanasium
1287 1338 1490 1387 purgaret.
1534 1329 1663 1373 Huius

113 1398 236 1457 igitur
265 1399 379 1444 nobis
409 1400 656 1456 exemplum,
698 1399 760 1440 cui
790 1398 1102 1454 subscripserat,
1145 1399 1306 1452 obtulit,
1351 1399 1390 1441 in
1420 1413 1497 1455 quo
1527 1413 1665 1442 sacro-

113 1474 278 1513 metae
307 1467 494 1511 trinitatis
526 1482 573 1509 ac
607 1468 773 1520 mentis,
816 1480 916 1523 quae
946 1469 986 1509 in
1017 1467 1184 1510 humana
1209 1465 1359 1511 Christi
1381 1475 1522 1510 natura
1542 1468 1660 1519 inest,

115 1536 355 1583 mentionem
387 1542 665 1593 expresserat,
713 1542 875 1591 eratque
909 1535 976 1578 itta
1009 1536 1094 1592 ipsa
1129 1535 1347 1578 beatissimi
1381 1537 1502 1592 patris
1538 1536 1663 1578 nostri

115 1603 324 1649 Athanasii
341 1618 460 1647 manu
475 1604 637 1661 scripta.
700 1603 815 1647 Hanc
833 1618 906 1646 uos
928 1603 1208 1647 subjiciendam
1228 1604 1302 1647 boc
1320 1605 1407 1647 loco
1426 1604 1662 1662 putavimus.

118 1740 375 1781 mmm
397 1741 711 1775 Pttorsssstoms
737 1742 876 1782 FtDEt,
910 1742 1041 1783 QUAM
1065 1742 1293 1775 PAULINUS
1319 1742 1556 1776 Eptscot’us
1580 1742 1666 1776 sUA

583 1798 718 1832 MANU
741 1798 963 1833 sctuPTAM
989 1799 1198 1833 onTULt'r.

232 1877 323 1935 Ego
357 1875 547 1920 Paulinus
586 1878 644 1921 sic
675 1879 829 1931 sentio,
873 1879 1196 1935 quemadmodum
1233 1894 1256 1922 a
1288 1878 1464 1936 patribus
1503 1878 1663 1935 accepit

121 1945 226 1994 Rue
248 1953 293 1991 et
309 1945 527 1990 subsistere
544 1948 760 2004 perfectum
783 1955 932 2004 patrem
948 1979 959 1999 ‚
993 1955 1033 1990 et
1052 1947 1269 1991 subsistere
1293 1951 1508 2005 perfectum
1531 1948 1667 1999 filium,

121 2022 166 2060 et
186 2014 405 2060 subsistere
433 2015 600 2071 denique
630 2016 847 2072 perfectum
873 2016 1052 2073 spiritum
1085 2024 1280 2059 sanctum.
1343 2015 1477 2072 Quare
1503 2025 1543 2059 et
1566 2018 1669 2060 illam

124 2083 243 2128 nium
266 2082 556 2141 hypostaseon,
599 2090 638 2125 et
661 2084 778 2127 unius
806 2084 1057 2142 hypostasis,
1102 2085 1189 2128 sive
1211 2085 1454 2128 substantiae
1478 2087 1671 2143 interpre-

125 2152 314 2196 tationem
344 2165 432 2200 cnm
456 2150 505 2193 iis
528 2150 595 2207 qui
617 2150 672 2195 ita
698 2152 874 2195 sentiunt
903 2153 1134 2210 amplector.
1197 2152 1273 2196 Est
1293 2154 1396 2196 enim
1420 2155 1554 2212 pietati
1577 2170 1672 2197 con-

112 2226 357 2264 sentaneum
386 2219 599 2262 trinitatem
625 2219 665 2262 in
686 2234 763 2263 una
794 2220 999 2264 divinitate
1031 2235 1249 2278 agnoscere
1283 2237 1328 2264 ac
1353 2223 1547 2265 confiteri.
1608 2221 1672 2265 Dc

125 2289 398 2332 incarnatione
424 2302 565 2345 porro,
597 2301 712 2344 quam
739 2296 899 2346 propter
918 2304 991 2333 nos
1018 2283 1180 2333 verbum
1212 2291 1332 2347 patris
1358 2292 1555 2348 suscepit,
1600 2292 1670 2343 ita,

126 2361 171 2401 ul
189 2364 281 2400 ante
302 2356 489 2413 seriptum
511 2362 595 2408 est,
627 2356 781 2408 sentio,
814 2357 1012 2410 nimirum,
1045 2365 1087 2400 ut
1110 2356 1279 2401 loannes
1298 2358 1478 2415 scripsit,
1514 2360 1673 2399 Verbum

127 2439 277 2468 earm
309 2439 390 2466 esse
407 2427 566 2479 sactum.
628 2422 771 2480 Neque
793 2425 895 2467 enim
919 2426 1046 2483 impiis
1073 2441 1119 2469 ac
1144 2427 1350 2469 sceleratis
1377 2428 1451 2469 iltis
1478 2427 1676 2469 assentior

129 2493 196 2551 qui
215 2500 402 2536 mutatum
435 2492 541 2535 illum
572 2506 662 2534 esse
689 2492 902 2546 definiunt,
945 2495 1014 2536 sed
1039 2495 1166 2551 potius
1199 2495 1394 2537 hominem
1420 2510 1509 2537 esse
1540 2502 1675 2538 nostra

130 2575 270 2606 eanssa
302 2563 468 2613 factum,
513 2567 628 2616 atque
653 2574 675 2602 e
701 2561 949 2603 sanctissima
983 2562 1137 2618 virgine
1171 2564 1217 2604 de
1242 2564 1380 2620 spiritu
1415 2571 1551 2605 sancto
1585 2577 1675 2605 esse

130 2631 320 2688 genitum.
380 2628 525 2686 Neque
550 2643 648 2670 vero
670 2636 736 2671 aut
760 2629 994 2681 inanimum,
1037 2638 1102 2672 aut
1126 2645 1268 2674 sensus
1297 2646 1343 2673 ac
1366 2631 1505 2673 mentis
1530 2645 1676 2689 expers

131 2713 275 2758 eorpus
303 2698 479 2743 salvator
508 2697 654 2740 habuit.

246 2765 342 2810 tttud
373 2780 526 2824 quoqne
557 2765 765 2808 Athanasii
797 2765 969 2823 episcopi
1001 2779 1117 2808 manu
1148 2767 1276 2809 suerat
1305 2767 1516 2810 adiectum.

246 2832 358 2878 Fieri
400 2834 540 2892 quippe
583 2849 660 2876 non
703 2841 831 2891 potest
865 2840 906 2875 nt
939 2834 1082 2876 domini
1126 2835 1273 2888 nostri,
1319 2836 1383 2892 qui
1417 2844 1576 2894 propter
1605 2851 1678 2880 nos

135 2901 252 2947 bomo
278 2903 406 2946 factus
435 2910 523 2954 est,
568 2902 710 2945 mentis
744 2915 891 2957 expers
926 2915 1069 2958 corpus
1101 2902 1168 2945 sit.
1230 2900 1343 2946 Unde
1378 2911 1416 2946 et
1440 2919 1511 2948 eos
1542 2920 1679 2950 omncs

179 2981 213 3016 2
253 2983 339 3017 naec
366 2983 462 3016 verbe
493 2983 623 3017 retento
651 2983 746 3024 plane
779 2983 885 3015 aliene
928 2983 1132 3023 inter-poma,
1166 2986 1199 3015 ut
1227 2992 1297 3015 eom
1330 2985 1530 3026 professionis
1558 2990 1681 3028 portem

135 3036 199 3061 esse
219 3027 425 3067 videbantur,
457 3037 518 3069 quo
545 3028 664 3069 [netum
684 3031 717 3059 ut
738 3037 774 3059 ea
797 3029 884 3059 unci-
929 3028 1118 3068 significaret
1140 3037 1221 3069 quoe
1248 3029 1412 3062 Athanasii
1431 3040 1528 3064 manu
1548 3035 1682 3065 conscri-

136 3074 185 3106 πίε
213 3076 340 3106 notaret.
388 3073 487 3114 Sunt,
518 3077 616 3114 puto,
648 3075 688 3105 ab
710 3074 887 3114 Epiphanio
928 3076 986 3113 pta
1009 3076 1085 3107 erat.
1391 3120 1408 3139 ⁸

1318 3123 1371 3164 24

1716 1914 1828 1965 xxii.
