2020 3276
450 225 635 260 efflanti
657 225 741 259 mu.
759 226 819 259 m.
842 225 953 260 ΤοΜ.
972 227 1014 260 u.
1036 225 1172 260 natu.
1188 225 1381 260 Lxxvm.
1609 219 1689 260 423

139 305 401 352 huua-
434 318 713 362 perseverasse
739 305 907 358 definio,
951 312 1019 347 ant
1043 313 1170 348 utrum
1202 313 1354 348 mortua
1378 306 1430 348 sit
1457 306 1690 349 continuare

141 386 318 432 mun.
379 372 535 432 Quippe
561 374 755 431 scriptura
789 387 904 416 sacra
941 375 1082 415 mentis
1109 373 1300 416 humanae
1330 382 1483 430 captum
1515 381 1691 432 praetcr-

138 452 282 499 peua
305 456 390 487 re·
414 443 454 485 in
478 444 630 485 incerto
663 441 844 498 reliquit,
885 449 1047 499 propter
1078 456 1149 484 vas
1176 442 1268 485 illud
1298 443 1484 485 eximium
1508 457 1556 486 ac
1576 457 1690 501 prae-

140 517 276 564 data,
307 525 360 557 ne
378 511 466 568 quis
485 510 616 554 carnis
642 511 839 568 propriam
867 510 983 552 ullam
1007 510 1043 552 ei
1067 510 1292 553 foeditatem
1316 511 1528 554 adscribat.
1593 510 1691 556 Sive

139 577 260 637 igitu-
276 586 438 626 vmoi-tua
457 580 533 633 sit,
577 579 799 631 nescimus,
843 579 928 621 sive
952 580 1181 635 consepulta
1204 579 1279 629 sit,
1314 594 1391 622 non
1420 587 1549 622 tamen
1571 581 1688 623 ullam

140 654 204 691 eat
232 648 548 691 coniunctionem
588 647 765 704 corporis
806 655 996 704 experta;
1045 646 1148 689 absit
1187 655 1229 690 ut
1263 647 1355 689 illud
1397 649 1688 692 existimemus.

139 714 242 773 Quia
262 723 328 760 est.
346 724 476 759 autem
510 715 574 772 qui
612 717 783 758 furorem
814 716 887 758 sibi
913 722 953 758 et
976 715 1169 758 insaniam
1204 716 1406 758 asciscens
1430 724 1575 759 tantam
1598 717 1690 760 bea·

137 784 369 842 barirssiui
400 785 677 828 contumeliam
708 785 803 827 velit
825 784 1052 841 imponere,
1096 791 1135 826 et
1157 799 1203 826 os
1235 799 1347 827 snum
1374 786 1564 828 adversus
1584 786 1688 828 illam

136 853 343 906 miton,
383 853 521 896 laxare
545 853 742 909 linguam,
785 853 832 895 ad
862 852 1087 909 pestiferam
1111 853 1216 895 illam
1248 854 1575 910 pronuntiandam
1599 869 1691 896 sen-

134 921 296 965 tassia-
318 921 428 964 labra
448 922 662 964 diducere?
692 936 762 978 pro
786 921 980 973 laudibus,
1004 936 1051 963 ac
1075 922 1297 978 praeconiis
1318 922 1461 979 probra
1485 931 1689 965 contume-

137 987 291 1047 naq-0
312 990 584 1033 comminisci?
623 997 902 1032 sacrosanctae
934 990 1125 1032 insultare
1152 990 1324 1046 virgini?
1367 1006 1439 1034 vas
1463 992 1555 1034 illud
1579 991 1690 1033 deni-

137 1072 216 1116 qu
243 1058 351 1101 anai
382 1057 533 1101 honore
564 1059 720 1115 dignum
753 1058 858 1100 nullo
889 1059 1038 1101 honore
1070 1073 1234 1116 prorsus
1263 1060 1445 1102 afficere?

252 1124 368 1183 Quod
389 1127 423 1169 ai
450 1134 490 1170 et
512 1128 669 1169 aliunde
701 1128 877 1170 rationes
911 1129 1128 1169 transferre
1156 1128 1296 1177 liceat,
1342 1127 1431 1184 qnid
1458 1142 1589 1170 rerum
1622 1142 1690 1170 na·
1714 1136 1795 1181 Cap.
1812 1137 1893 1172 ΧΠ.
1940 1118 1947 1127 ’

142 1202 228 1239 tara
250 1195 334 1252 ipsa
358 1196 457 1237 ferat
485 1196 679 1252 paululum
707 1198 1017 1238 consideremus.
1079 1194 1280 1238 Leaenam
1302 1197 1432 1252 itaque
1457 1198 1587 1239 ferunt
1610 1211 1688 1239 non

137 1264 214 1307 niai
234 1264 357 1307 semel
382 1278 549 1320 parere3
588 1265 698 1306 cuius
727 1264 786 1306 rei
819 1264 918 1307 bano
953 1278 1043 1306 esse
1069 1265 1261 1307 rationem
1288 1266 1389 1321 quod
1415 1265 1559 1307 animal
1585 1266 1688 1307 istud

134 1333 433 1375 voracissimum
457 1333 531 1385 sit,
565 1333 699 1375 colore
726 1333 899 1384 fulvum,
933 1333 1175 1376 validissimo
1198 1334 1342 1376 robore
1369 1343 1511 1390 atque,
1544 1341 1586 1376 ut
1609 1349 1687 1376 uuo

135 1400 261 1459 verbo
281 1402 431 1454 dicam,
477 1403 585 1458 regia
617 1402 781 1457 quadam
816 1401 1005 1458 dignitate
1038 1402 1183 1444 ceteris
1215 1403 1449 1455 anter-ellat,
1493 1417 1611 1459 porro
1634 1417 1687 1445 ex

133 1482 215 1513 auu
235 1469 405 1525 coniuge
427 1470 622 1526 concipiat
645 1471 866 1526 furtumque
889 1483 962 1512 sex
985 1477 1026 1512 et.
1044 1470 1183 1526 viginti
1205 1478 1310 1512 totos
1331 1485 1491 1513 menses
1510 1472 1550 1513 in
1574 1479 1686 1514 utero

132 1544 272 1595 gerat,
316 1539 417 1580 adeo
453 1545 492 1580 ut
529 1538 593 1580 ille
630 1552 723 1595 prae
759 1538 1044 1595 longinquitate
1079 1539 1267 1596 temporis
1305 1539 1461 1581 adultus
1503 1540 1686 1582 dentibus

132 1606 315 1650 unibus
340 1613 457 1663 atque
484 1606 679 1662 unguibus
701 1621 786 1650 cum
812 1607 915 1649 iusta
938 1607 1115 1662 corporis
1141 1615 1291 1650 statura
1317 1608 1515 1664 praeditus
1540 1608 1594 1650 sit
1616 1622 1686 1650 an-

132 1681 291 1733 uqua-
320 1675 359 1718 iu
386 1675 510 1718 lucem
540 1676 724 1733 prodeat,
765 1682 883 1731 atque
914 1683 954 1717 et
977 1676 1262 1728 claviculares,
1305 1691 1403 1732 quos
1434 1685 1604 1729 vocant,
1646 1685 1687 1719 et

127 1744 297 1790 adno-
326 1744 465 1787 dentcs
497 1758 543 1786 ac
565 1746 735 1787 molares
761 1743 928 1796 babeat,
972 1752 1012 1786 et
1038 1745 1113 1786 alia
1137 1744 1266 1787 omnia
1292 1759 1391 1801 quae
1412 1746 1570 1788 animali
1595 1745 1684 1788 hnic

132 1826 158 1855 a
182 1819 324 1857 natan
347 1826 539 1855 concessa
565 1820 671 1856 sunt.
733 1810 837 1854 Dum
860 1813 981 1869 igitur
1006 1814 1141 1855 matris
1166 1821 1278 1855 utero
1299 1814 1549 1866 continetur,
1592 1814 1684 1856 sub-

131 1881 315 1925 aultaudo
343 1882 614 1937 movendoque
649 1895 764 1934 sese,
807 1890 873 1924 aut
906 1882 983 1924 alio
1013 1882 1153 1938 quovis
1185 1882 1322 1934 modo,
1370 1884 1506 1925 matris
1530 1890 1684 1925 uterum

133 1948 286 1993 laniare
305 1949 497 2005 unguibus
522 1963 569 1991 ac
591 1949 817 2006 discerpere
842 1957 1019 1992 narrant.
1082 1949 1218 2006 Quare
1246 1965 1333 1993 cum
1357 1953 1403 1993 ad
1428 1959 1580 2008 partum
1605 1966 1685 1994 nia·

134 2023 199 2060 tar
217 2016 398 2069 venerit,
429 2018 566 2059 eadem
596 2018 662 2060 illa
690 2018 753 2060 die
775 2018 824 2060 ab
848 2019 953 2061 omui
978 2018 1220 2076 parturiendi
1243 2020 1468 2062 conditione
1491 2034 1536 2062 ac
1563 2021 1685 2063 mole-

134 2085 410 2128 ott-ventrem
437 2084 543 2127 illins
572 2085 748 2128 liberari.
810 2085 1014 2142 Siquidem
1047 2088 1086 2130 in
1119 2087 1206 2144 ipso
1237 2095 1348 2144 partu
1374 2095 1528 2130 uterum
1550 2089 1682 2142 simul,

133 2166 184 2198 ao
206 2153 408 2196 matricem
441 2154 605 2196 excerni
633 2155 867 2198 naturalium
892 2169 1023 2198 rerum
1055 2155 1306 2213 indagatores
1333 2165 1540 2210 asserunt,
1586 2158 1684 2200 adeo

134 2228 180 2264 ut
197 2221 301 2264 nulla
322 2220 361 2264 in
385 2228 584 2278 posterum
602 2222 762 2265 veneris
781 2224 992 2280 cupiditate
1015 2231 1214 2280 tangatur,
1248 2224 1323 2267 nisi
1347 2225 1474 2282 aliqua
1497 2226 1556 2268 vis
1575 2226 1685 2268 adhi-

133 2289 289 2335 beat-r.
349 2287 465 2345 Quod
488 2289 521 2332 si
551 2303 695 2331 marem
727 2291 902 2348 experiri
926 2299 1111 2349 cogatur,
1155 2307 1233 2335 non
1257 2293 1423 2351 amplius
1448 2301 1576 2336 tamen
1603 2295 1686 2336 l'oe-

134 2364 215 2402 tum
241 2365 400 2416 gestare
431 2371 572 2413 posse,
619 2365 752 2414 utpote
786 2373 885 2415 quae
917 2362 1080 2403 matrice
1112 2369 1262 2404 careat.
1325 2359 1415 2417 Qua
1449 2362 1602 2418 quidem
1630 2375 1685 2404 ex

133 2427 363 2470 narratione
389 2426 438 2468 ad
462 2425 498 2468 id
527 2426 574 2468 de
600 2439 678 2482 quo
706 2426 855 2483 agimus
885 2428 1176 2472 similitudinem
1209 2430 1400 2486 quandam
1432 2430 1523 2471 licet
1555 2437 1685 2472 trans-

135 2495 264 2548 ferre,
296 2507 397 2551 quae
418 2494 623 2536 utilitatem
647 2494 774 2551 potius
802 2509 919 2551 quam
940 2497 1120 2540 damnum
1147 2498 1302 2555 aliquod
1326 2498 1529 2540 continere
1550 2498 1685 2540 videa·

135 2569 215 2607 tur.>
285 2561 443 2605 Etenim
475 2563 507 2604 si
541 2562 709 2605 catulum
753 2562 879 2606 leonia
916 2562 1046 2607 ludam
1082 2563 1200 2608 iacob
1239 2566 1445 2608 nominans
1480 2564 1681 2609 Christum
1700 2581 1871 2620 comam.

134 2631 299 2689 quadam
337 2631 531 2673 sermonis
563 2631 684 2687 ligura
723 2631 993 2684 adumbravit,
1035 2647 1121 2675 cum
1153 2647 1279 2690 eoque
1312 2634 1401 2676 illud
1436 2648 1488 2676 ex
1524 2632 1682 2677 loannis

135 2699 376 2757 Apocalypsi
400 2700 599 2755 congruit,
630 2702 730 2740 Ecce
753 2703 842 2740 ve'ce‘!
863 2702 919 2741 {eo
939 2703 986 2741 de
1005 2702 1107 2742 tri’bu
1127 2704 1237 2751 Iuda,
1271 2710 1309 2742 et
1328 2705 1374 2743 de
1393 2706 1512 2758 stirpe
1535 2706 1677 2754 Dave'd5
1699 2721 1789 2759 Apes.
1803 2721 1870 2759 με,

135 2782 223 2812 eum
246 2768 351 2812 leoni
380 2768 560 2811 dominus
587 2767 863 2821 assimulant,
897 2781 973 2810 non
998 2774 1136 2812 natura
1161 2769 1338 2826 quidem,
1372 2770 1440 2813 scd
1463 2770 1683 2815 similitudi-

135 2881 221 2916 adm.
933 2881 979 2915 cit
1004 2882 1114 2915 Iacob.

180 2926 213 2961 4.
246 2926 393 2972 σκυμνὸς
424 2929 492 2963 cod.
526 2930 587 2961 lan·
635 2929 785 2971 σκῆμνος
816 2929 883 2961 eod.
978 2928 1008 2961 5.
1034 2929 1238 2962 Samen-aum
1259 2931 1390 2971 ronam
1406 2928 1467 2965 καί
1486 2941 1549 2967 που
1570 2929 1604 2966 ἐν
1625 2932 1683 2977 τῇ.

136 2973 266 3015 Μο.
313 2968 460 3017 σκύμνος
489 2975 561 3006 edt't.
590 2976 690 3015 princ.
741 2973 885 3016 σκύμνον
933 2974 1064 3008 Petam
1084 2975 1251 3008 videbatur
1268 2973 1357 3011 κατὰ
1374 2973 1455 3016 τοῦς
1474 2974 1579 3023 ἔνι-ᾖ.
1606 2978 1682 3011 Gor-

135 3018 184 3052 ad.
217 3019 347 3058 Putem,
387 3022 415 3053 d
449 3020 619 3053 Carnarius
649 3021 703 3061 qut
731 3021 820 3052 vertit
848 3017 882 3051 Si
928 3020 1038 3053 παίω
1060 3021 1150 3053 verm
1181 3019 1272 3053 etin
1298 3020 1499 3068 Apocalypsi
1522 3021 1681 3069 seriptum

137 3062 223 3099 euim
242 3062 387 3098 catulum
409 3062 515 3098 leonia
540 3062 652 3099 ludam
674 3063 813 3098 obscure
831 3062 881 3097 di·
929 3070 990 3097 eet.
