2020 3276
319 251 501 288 ramum
521 252 605 287 Lm.
631 252 689 286 tn.
711 251 819 286 Tou.
839 252 882 285 11.
907 251 1065 285 nxt’os.
1088 250 1176 284 ΠΙ).
1204 249 1396 284 camon.
1541 242 1624 282 517

123 348 155 371 m
179 321 631 376 faetere-'chainan
653 345 676 374 e
699 330 831 374 Maria
855 344 1013 388 semper
1034 330 1190 386 virgine
1213 343 1354 372 revera
1380 334 1513 371 natum
1534 342 1625 372 esse
1650 334 1732 380 cap.
1748 335 1827 368 XV.

78 401 231 455 neit,
266 413 318 444 ae
336 400 468 458 reipsa
498 413 667 457 eorpus,
707 414 787 442 non
812 400 944 456 specie
979 400 1173 442 duntaxat
1202 398 1403 449 induisse,
1446 410 1623 451 carnem,

78 470 266 528 inqu-y
292 482 513 527 corpusque
531 483 687 520 verum,
719 482 806 510 cum
832 467 988 510 ossibus
1010 482 1055 509 ac
1078 467 1230 518 nervis,
1263 466 1501 522 reliquisque
1522 479 1625 522 quae

78 537 350 583 nehmiae-at
371 537 577 590 omnibus3
619 536 715 579 nihil
734 544 778 579 ut
797 550 820 578 a
845 536 957 578 nobis
991 535 1087 592 ipsis
1111 543 1384 592 praeterquam
1410 529 1625 576 excellenti

78 607 243 665 'h
264 605 488 650 aauctitatis
516 619 565 648 ae
585 604 800 652 divinitatis
830 604 956 661 gloria
981 604 1201 660 discrepet,
1244 610 1324 645 tum
1350 603 1451 658 qnod
1476 602 1624 645 sancti-

78 675 173 719 uti·
186 688 238 719 ae
252 674 427 718 institiae
449 688 522 717 vas
541 674 608 717 sit.
649 673 780 716 Habet
800 680 930 716 autem
956 673 1087 715 omnia
1111 671 1395 728 periectissime
1411 671 1510 713 citra
1532 685 1625 727 pec·

78 749 223 787 eh.
264 740 400 798 Quare
423 743 589 785 hnmana
608 755 748 784 revera
768 748 831 784 est
846 741 975 783 anima
996 740 1211 797 praeditus,
1245 740 1488 795 humanaque
1513 752 1623 781 men-

78 818 145 866 tea
162 825 245 856 ιο·
265 812 366 867 quod
389 818 558 853 mentem
585 810 813 868 hypostasin
832 823 922 852 esse
944 809 1133 859 dicamus,
1157 815 1199 850 ut
1215 809 1404 850 affirmant
1419 806 1501 850 alii.
1545 805 1624 850 Ce-

78 887 207 925 ter-
225 879 330 923 tulla
354 879 503 937 peccati
523 878 756 934 contagione
776 879 953 920 foedatus
976 884 1063 930 est3
1096 890 1290 932 nunquam
1317 891 1361 918 os
1384 876 1489 918 illius
1513 889 1623 918 men-

78 949 191 992 b'h-
213 955 292 1001 eet,
314 950 445 1003 Nque
458 949 559 989 tabu
577 950 703 989 dolum
717 949 842 988 locuta
859 953 972 996 sunt5
1000 960 1070 987 cor
1090 946 1136 987 ad
1157 944 1388 987 irritandum
1410 945 1525 986 deum
1542 958 1622 987 non
1636 956 1767 993 meus,
1782 957 1827 986 η.

77 1015 304 1068 declinavit,
337 1030 448 1059 meus
468 1017 516 1058 ad
537 1029 584 1058 ea
606 1029 706 1072 quae
727 1016 839 1057 nefas
859 1020 922 1056 est
943 1029 1021 1056 nou
1043 1014 1221 1066 deflexit,
1253 1027 1348 1055 caro
1366 1013 1461 1054 nihil
1482 1027 1621 1056 eorum

77 1098 180 1143 quae
202 1085 252 1128 ad
275 1085 409 1128 earnis
430 1084 668 1142 voluptatem
694 1084 891 1141 pertinent
910 1082 1081 1135 admisit,
1113 1083 1210 1124 deus
1236 1082 1285 1124 ab
1307 1089 1470 1124 aeterno
1494 1082 1623 1138 perfe-

78 1161 184 1207 ctus,
214 1153 280 1211 qui
299 1167 379 1196 non
403 1160 446 1196 ut
466 1153 506 1196 in
529 1153 684 1195 homine
710 1152 899 1195 habitaret
920 1151 1096 1202 advenit,
1128 1151 1197 1193 sed
1220 1151 1382 1193 verbum
1406 1151 1531 1207 ipsum
1551 1150 1622 1192 ho-

77 1222 222 1266 aba·
248 1222 399 1274 induit,
430 1235 508 1264 non
534 1228 673 1263 natura
694 1227 907 1273 mutatum,
938 1220 1009 1262 sed
1035 1233 1122 1262 eam
1144 1233 1245 1276 quae
1268 1219 1437 1261 hominis
1463 1219 1621 1276 propria

77 1297 144 1335 eat
161 1304 251 1335 οι·
273 1289 478 1333 divinitate
500 1290 762 1346 complexum.
824 1287 869 1331 ln
892 1288 1057 1345 virginis
1080 1294 1194 1330 utero
1221 1301 1363 1330 revera
1393 1288 1550 1344 genitus
1574 1301 1621 1330 ac

76 1373 149 1417 per
169 1358 364 1416 genitales
385 1365 536 1401 meatus
555 1359 596 1400 in
621 1359 746 1401 lucem
764 1357 916 1408 editus,
949 1357 1036 1399 sine
1062 1357 1139 1399 ulla
1161 1355 1421 1413 turpitudine,
1455 1357 1622 1398 foedita-

76 1435 141 1481 te,
172 1427 239 1471 vel
258 1427 363 1470 labe.
422 1425 521 1470 Post
542 1427 639 1469 haee
665 1427 875 1478 educatus,
917 1432 1033 1482 atque
1055 1439 1079 1468 a
1105 1423 1332 1482 Symeone,
1377 1433 1417 1468 et
1438 1424 1557 1467 Anna
1579 1425 1621 1467 in

76 1496 180 1540 uluis
197 1502 376 1552 gestatus
394 1509 417 1538 a
431 1494 563 1538 Maria
583 1502 774 1552 portatus,
798 1495 876 1536 iter
895 1501 1030 1550 postea
1050 1493 1210 1550 pedibus
1230 1494 1416 1546 confecit,
1446 1493 1621 1549 peregri·

76 1572 194 1608 uetus
212 1571 300 1617 eet,
331 1564 379 1607 ad
405 1564 608 1622 pueritiam
632 1562 834 1620 pervenit,
867 1569 997 1605 aetate
1022 1563 1302 1605 corroboratus
1322 1569 1405 1613 est,
1450 1562 1620 1604 humana

74 1633 179 1677 inse
200 1633 331 1676 omnia
353 1634 526 1690 perfecte
550 1632 707 1683 habuit,
751 1645 942 1674 annorum
975 1631 1243 1687 mensiumque
1277 1645 1440 1673 numero
1475 1645 1620 1673 census

74 1708 154 1754 eet,
182 1701 224 1744 iu
245 1700 498 1758 praegnantis
518 1708 631 1743 utero
653 1707 845 1756 gestatus,
867 1702 1004 1756 sactus
1027 1715 1048 1741 e
1064 1703 1244 1750 muliere,
1274 1702 1404 1754 sactus
1423 1701 1494 1741 sub
1518 1702 1615 1753 lege.

74 1769 229 1814 Deinde
248 1770 299 1812 ad
319 1768 526 1812 Iordanem
554 1770 752 1827 profectus
786 1775 872 1821 est,
920 1768 1138 1825 ibidemque
1162 1783 1184 1811 a
1205 1767 1353 1811 loanne
1374 1768 1613 1825 baptizatus,
1645 1779 1715 1809 cn.
1734 1779 1761 1816 ιι,
1780 1780 1805 1809 ⁴.

75 1847 164 1882 ω·
193 1838 343 1882 lotione
370 1838 467 1880 nihil
499 1852 598 1895 opus
627 1837 815 1890 haberet,
858 1837 927 1879 sed
951 1845 993 1879 ut
1013 1851 1061 1879 ea
1084 1851 1182 1894 quae
1213 1843 1420 1894 susceptae
1452 1836 1620 1879 hominis

76 1912 242 1950 namne
269 1913 536 1949 censentanea
569 1913 660 1949 sunt
681 1913 885 1959 servaret,
926 1905 1100 1948 iustitiae
1132 1906 1259 1962 legem
1295 1905 1525 1963 perturbare
1549 1919 1620 1947 no-

75 1974 172 2027 leit,
209 1981 257 2016 nt
277 1976 516 2029 inpletum,
540 1975 859 2031 quemadmodum
879 1975 962 2032 ipse
989 1975 1106 2027 dicit,
1150 1978 1271 2016 omnis
1291 1978 1459 2024 iustitia,
1503 1980 1619 2030 atque

74 2056 211 2087 vera-
229 2057 255 2086 a
275 2056 321 2086 ee
341 2056 499 2086 earnem
522 2056 733 2099 veramque
752 2043 919 2086 hominis
941 2052 1120 2086 naturam
1146 2050 1368 2100 susceptam
1394 2056 1484 2085 esse
1506 2057 1618 2085 mon·
1627 2054 1770 2092 Μιαω,
1782 2054 1824 2084 1⁵.

75 2118 237 2156 onaret.
298 2108 425 2167 Igitur
444 2111 491 2153 ad
515 2124 638 2167 aquas
675 2112 902 2164 descendit,
943 2112 998 2154 ita
1025 2119 1154 2154 tamen
1184 2119 1227 2154 ut
1249 2113 1447 2154 conferret
1476 2110 1620 2167 aliquid

77 2179 208 2238 potius
228 2193 344 2236 quam
371 2179 593 2236 acciperet,
626 2179 836 2235 largiretur
859 2180 985 2237 magis
1010 2194 1125 2237 quam
1149 2180 1206 2222 rei
1232 2180 1445 2237 cuiuspiam
1471 2179 1621 2235 indige·

75 2254 152 2292 ret.
213 2245 368 2304 Quippe
401 2248 556 2289 easdem
581 2247 668 2290 illas
691 2261 812 2303 aquas
837 2262 909 2291 sua
931 2249 1020 2291 luce
1044 2248 1312 2300 collustravit,
1353 2248 1461 2290 etad
1482 2262 1619 2290 eorum

75 2315 238 2374 quaein
263 2329 355 2358 sese
380 2315 614 2372 perficienda
642 2323 779 2368 eraut,
822 2317 1125 2360 adumbrandam
1153 2316 1385 2372 imaginem,
1428 2316 1619 2372 quandam

74 2385 154 2428 vim
177 2383 255 2428 illie
273 2383 482 2441 impertiit,
525 2389 567 2426 ut
590 2383 654 2440 qui
675 2383 750 2440 ipsi
770 2382 911 2427 reuera
935 2386 1171 2437 crederent,
1213 2400 1259 2428 ao
1283 2385 1463 2429 veritatis
1484 2390 1621 2426 esseut

76 2453 152 2498 ndo
171 2452 359 2510 praediti,
402 2451 669 2507 intelligerent
691 2466 769 2494 uon
800 2452 907 2495 illum
938 2453 1026 2496 ficte
1059 2453 1265 2496 humanam
1298 2453 1473 2496 induisse
1508 2459 1620 2494 uatu-

75 2535 186 2574 ram,
232 2533 359 2577 neque
392 2521 481 2562 ficte
514 2533 602 2562 esse
636 2521 746 2576 aquis
777 2520 1006 2563 intinctum=
1049 2522 1263 2578 eademque
1295 2528 1334 2563 et
1362 2521 1432 2579 ipsi
1466 2520 1620 2563 ratione

75 2603 147 2647 per
175 2602 261 2632 eam
297 2602 411 2646 quem
442 2588 505 2630 ille
548 2602 640 2644 prae
681 2601 725 2630 se
759 2588 902 2631 tulerat
939 2590 1335 2632 accommodationem
1367 2589 1617 2640 aecedentes,

74 2657 236 2701 inditam
257 2657 363 2700 illius
387 2657 646 2699 descensione
670 2655 747 2699 vim
770 2656 808 2698 in
834 2670 924 2699 sese
946 2659 1209 2709 transferant,
1251 2658 1503 2713 eiusdemque
1533 2657 1621 2699 luce

75 2726 375 2783 perfundantur,
401 2740 478 2782 quo
501 2724 768 2782 propheticum
793 2724 1000 2782 impleatur
1021 2726 1243 2787 oraculum,
1274 2728 1342 2768 Ad
1354 2728 1619 2768 immutandam

75 2797 251 2836 wate-i
263 2825 275 2844 ,
307 2797 653 2848 conee‘laeandamque
672 2795 831 2834 salutem
852 2809 903 2834 ex
929 2796 996 2835 illa
1011 2797 1125 2847 panib
1148 2797 1307 2843 vet-tute,
1341 2808 1437 2848 quae
1459 2795 1509 2835 ab
1529 2797 1620 2836 mo-

77 2864 240 2904 malen
267 2866 474 2917 accipitur,
519 2876 774 2917 aquarumque
799 2865 847 2902 υἰ.
913 2860 987 2904 Hic
1019 2862 1121 2904 enim
1149 2862 1187 2903 in
1212 2859 1372 2904 Christo
1406 2862 1517 2919 panis
1538 2862 1620 2905 vir·

75 2936 136 2973 tus
156 2944 203 2972 ac
228 2930 288 2972 vis
310 2944 431 2987 aquae
455 2931 753 2982 corroboratur3
796 2937 837 2972 ut
870 2944 948 2972 non
981 2930 1090 2986 panis
1124 2930 1207 2987 ipse
1242 2930 1294 2973 sit
1331 2931 1444 2973 nobis
1474 2932 1615 2986 virtus,

74 2998 143 3041 sed
173 2998 300 3040 virtus
328 3011 350 3040 a
379 3012 478 3056 pane
502 3000 700 3056 proiectu
734 3012 779 3040 ac
802 2997 911 3041 cibus
939 2998 1092 3055 quidem
1118 3005 1256 3041 noster
1281 2999 1390 3055 panis
1416 3007 1500 3055 est,
1545 3001 1615 3045 sed
