1976 3262
487 173 670 208 rimam!
696 173 780 207 Lm.
796 174 853 207 tn.
880 174 990 209 ToM.
1007 175 1032 209 Ι.
1056 174 1188 209 ΗΔΕΒ.
1204 173 1315 208 Lxx.
1630 167 1684 209 37

239 250 430 298 Ceterum
471 253 572 296 idem
606 253 671 295 ille
700 266 830 296 senex
861 253 1013 295 Audius
1045 254 1084 295 in
1126 251 1328 311 Scythiam
1363 254 1414 296 ab
1444 254 1682 311 imperatore

126 321 326 378 relegatus
349 329 435 374 est,
475 322 576 378 qnod
609 321 781 378 populos
798 322 949 377 passim
981 321 1030 363 ab
1062 322 1255 364 ecclesiae
1286 322 1477 379 obsequio
1507 324 1684 366 retrahe·

126 395 215 442 ηις
258 389 617 433 eum-wnuiiiiiie
648 382 696 432 ah
735 389 932 445 episcopis
963 396 1074 431 esset.
1109 393 1155 431 ad
1195 390 1475 446 imperatorem
1512 392 1682 434 delatus.

128 454 309 515 Cumque
341 458 383 501 i·
414 471 463 501 ea
489 457 654 512 regione
682 464 914 499 versaretur
935 458 1048 512 (quot
1072 465 1200 498 antem
1226 460 1340 500 antiis
1367 459 1509 502 ibidem
1536 460 1686 503 vixerit.

126 533 241 569 ωηο
260 538 498 568 asseverare
528 540 607 568 non
631 529 888 582 possumus),
932 524 973 566 iu
1005 525 1193 566 interiora
1220 524 1431 569 Gotthicae
1455 535 1684 584 penetrans,

125 593 318 642 barbaros
342 594 486 637 nultos
510 591 762 637 Christianae
785 593 989 648 religionis
1012 593 1244 635 rudimentis
1269 594 1452 636 instituit.
1515 594 1581 638 Ex
1608 610 1685 652 quo

125 662 367 709 numeri·
395 662 437 704 in
461 660 624 705 Gotthia
653 661 841 703 nonnulla
872 667 1083 717 propagata
1109 668 1222 713 sunt,
1265 661 1304 702 in
1327 662 1468 717 quibus
1498 664 1685 719 religiosa

124 730 285 781 vivendi
313 730 440 783 ratio,
482 737 522 772 et
556 729 784 786 virginitas,
829 729 1132 784 notissimaque
1162 729 1365 785 disciplina
1400 730 1547 773 floruit.
1610 730 1684 775 Est

123 798 230 843 ια’.
252 798 452 842 hominum
480 797 557 840 iste
588 804 727 840 coetus
749 797 854 839 vitae
880 797 1034 839 ratione
1059 805 1100 838 et
1132 797 1311 839 instituto
1333 812 1419 839 cum
1454 798 1589 854 primis
1614 800 1683 841 ad-

123 866 307 910 atrabili.
366 866 500 922 Atque
522 865 561 907 in
585 865 739 908 illorum
766 865 1019 908 monasteriis
1043 865 1138 907 nihil
1162 879 1239 906 non
1262 865 1505 921 praeclarum
1535 874 1575 908 et
1597 868 1682 909 exi-

122 934 242 978 mium
268 941 346 986 est,
378 933 411 976 ai
434 934 694 990 praefractam
720 933 826 975 illam
853 933 1140 975 contumaciam
1165 933 1343 989 excipias
1375 948 1447 989 qua
1478 941 1518 975 et
1540 934 1579 976 in
1607 933 1683 977 Pa·

121 1002 258 1047 achate
280 1002 518 1046 celebrando
535 1017 559 1044 a
580 1001 777 1044 communi
800 1002 1086 1044 consuetudine
1112 1002 1342 1054 discedunt3
1376 1009 1416 1043 et
1435 1002 1528 1044 illud
1551 1003 1598 1044 de
1619 1003 1682 1044 dei

121 1070 293 1127 imagin·
321 1070 487 1126 simplici
519 1071 684 1127 quadam
717 1070 871 1112 ratione
902 1070 1240 1126 interpretandum
1271 1077 1422 1126 putant.

234 1136 318 1182 Sed
337 1137 431 1180 illud
450 1138 611 1194 reliquis
631 1138 812 1180 omnibus
833 1138 883 1180 ad
900 1137 1104 1180 horrorem
1127 1145 1167 1180 et
1186 1138 1435 1180 atrocitatem
1455 1138 1581 1180 maius
1601 1146 1679 1191 est,
1701 1154 1861 1199 cava.

122 1207 233 1264 quod
254 1220 343 1250 ew
378 1207 534 1248 nemine
562 1213 796 1263 precantur,
841 1206 998 1249 tametsi
1030 1206 1208 1249 honestis
1231 1213 1349 1261 atque
1371 1206 1538 1262 integris
1563 1209 1683 1249 mori-

119 1275 197 1319 bus
219 1286 312 1318 eaeo
333 1274 539 1325 videatur,
585 1288 712 1330 neque
744 1273 947 1330 quicquam
979 1274 1120 1316 habeat
1141 1275 1242 1330 quod
1265 1274 1320 1316 illi
1351 1274 1561 1326 obiiciant,
1602 1290 1681 1317 non

120 1342 263 1400 stupri,
294 1356 374 1385 non
395 1342 594 1394 adulterii,
620 1357 698 1384 non
725 1343 918 1385 avaritiae
940 1342 1089 1384 crimen
1114 1343 1248 1394 ullum,
1277 1343 1353 1385 nisi
1373 1343 1447 1385 hoc
1468 1344 1678 1397 duntaxat,

118 1411 223 1470 quod
250 1410 445 1454 ecclesiae
467 1411 742 1452 communione
764 1411 1004 1452 continetur.
1068 1409 1143 1452 Est
1166 1411 1240 1453 hoc
1263 1425 1376 1464 vero,
1410 1411 1464 1453 uti
1487 1411 1675 1463 diximus,

119 1479 384 1530 boi-rendum,
418 1475 736 1521 Christianorum
765 1486 1008 1521 commutare
1035 1492 1203 1531 nomeu,
1236 1479 1301 1534 qui
1327 1479 1367 1520 in
1390 1486 1527 1521 sancta
1551 1480 1680 1522 eccle-

119 1547 179 1591 sia
203 1554 444 1599 censentur,
477 1560 575 1603 quae
599 1547 684 1589 sola
712 1545 862 1589 Christi
889 1554 931 1588 et
955 1545 1271 1589 Christianorum
1295 1547 1556 1603 appellatione
1584 1562 1679 1589 con-

121 1622 228 1659 tenta
256 1614 492 1658 adscititium
527 1628 643 1656 omne
674 1629 816 1656 nomen
846 1614 1019 1671 respuit,
1063 1629 1132 1671 pro
1160 1614 1252 1667 illo,
1294 1614 1475 1671 inquam,
1520 1616 1678 1658 nomine

118 1683 327 1728 Audianoa
350 1683 563 1740 appellari,
595 1683 790 1724 coitiones
812 1683 917 1724 inter
939 1696 983 1724 se
1011 1683 1163 1734 facere,
1197 1697 1243 1725 ac
1265 1690 1458 1725 tesseram
1484 1683 1581 1725 meri
1610 1683 1679 1725 ho-

121 1751 239 1796 minia
263 1751 424 1795 nomine
446 1751 674 1808 inscriptam
698 1751 878 1806 exigere.
941 1749 1077 1803 Haec,
1119 1752 1293 1807 inquam,
1329 1751 1488 1794 minime
1515 1752 1677 1794 terenda

121 1827 239 1874 aunt,
271 1820 450 1877 quamvis
480 1820 626 1875 alioqui
650 1819 930 1875 integerrimus
954 1819 1006 1861 sit
1032 1819 1230 1862 hominum
1258 1819 1323 1861 ille
1350 1826 1587 1871 conventus,
1619 1827 1678 1861 at-

119 1901 196 1946 que
225 1888 332 1932 omni
353 1902 399 1931 se
421 1887 614 1946 probitate
639 1888 866 1943 iustitiaque
888 1888 1078 1930 venditet.
1140 1885 1239 1929 Post
1260 1888 1364 1930 illius
1389 1902 1486 1929 vero
1508 1895 1675 1930 mortem

118 1957 167 2000 ad
182 1956 352 1999 eundem
375 1956 483 1998 illum
505 1962 660 1998 coetum
682 1955 901 1998 adhaesere
919 1956 1141 2012 complures
1164 1956 1355 2013 episcopi,
1393 1957 1463 1998 sed
1498 1955 1675 2012 inprimis

119 2021 293 2068 Uni-ins
323 2024 362 2066 in
385 2022 693 2079 Mesopotamio.
755 2021 863 2078 Quin
896 2023 1015 2066 etiam
1045 2037 1099 2065 ex
1129 2024 1211 2080 ipsa
1237 2024 1400 2066 Gotthia
1429 2024 1503 2066 sibi
1526 2024 1676 2079 aliquot

117 2091 321 2145 adiunxit,
365 2099 407 2134 et
435 2093 643 2149 episcopos
672 2091 892 2134 constituit.
955 2089 1123 2134 Praeter
1146 2106 1245 2147 qnos
1275 2092 1394 2134 etiam
1422 2090 1610 2134 Silvanus
1635 2098 1676 2134 et.

117 2160 184 2205 alii
213 2159 370 2217 quidam
399 2161 641 2212 extiterunt,
674 2174 696 2202 e
718 2160 858 2216 quibus
881 2160 1056 2202 nonnulli
1080 2160 1223 2202 mortui
1247 2167 1355 2213 sunt,
1390 2167 1430 2202 et
1450 2160 1555 2202 inter
1573 2160 1674 2202 alios

117 2227 315 2282 Uraniae,
356 2228 420 2285 qui
454 2241 498 2270 se
531 2228 571 2270 in
605 2228 670 2270 illa
701 2228 813 2270 turba
838 2241 932 2285 prae
963 2228 1109 2270 ceteris
1143 2228 1349 2270 ell'erebat.
1413 2227 1562 2270 Verum
1586 2236 1676 2285 post

117 2295 256 2342 Uranii
295 2310 344 2339 ac
372 2294 539 2353 Sylvani
578 2295 617 2338 in
650 2294 813 2338 Gotthia
852 2296 1025 2353 episcopi
1067 2303 1258 2349 mortem,
1301 2296 1497 2352 plerisque
1536 2297 1585 2338 ab
1626 2310 1675 2338 ea

119 2363 289 2408 factione
310 2364 544 2417 abstractis,
588 2364 635 2405 ad
662 2377 809 2420 paucos
835 2363 998 2406 istorum
1028 2374 1249 2406 conventus
1272 2365 1454 2406 redactus
1486 2371 1572 2415 est,
1614 2371 1675 2405 at-

116 2446 194 2489 que
226 2433 267 2476 in
295 2429 507 2484 Chalcide,
551 2445 651 2488 quae
682 2432 728 2473 ad
762 2431 1014 2474 Antiochiam
1045 2433 1122 2475 sita
1154 2439 1240 2485 est,
1286 2440 1326 2474 et
1351 2434 1398 2474 ad
1429 2431 1671 2488 Euphratem

115 2500 280 2544 resedit.
340 2499 446 2543 Nam
474 2514 496 2542 e
524 2499 687 2543 Gotthia
726 2498 902 2556 plerique
938 2501 1038 2557 pulsi
1071 2507 1187 2554 sunt,
1222 2515 1306 2542 ‘una
1334 2514 1421 2542 cnm
1453 2500 1541 2542 aliis
1565 2514 1673 2542 com-

117 2568 314 2612 munionis
342 2577 505 2611 nostrae
529 2566 793 2621 Christianis,
836 2581 924 2610 cum
954 2568 1004 2611 ah
1033 2582 1127 2625 rege
1160 2569 1324 2624 quodam
1361 2567 1496 2623 gentili
1529 2567 1672 2622 ingens

117 2643 226 2679 esset
260 2650 308 2679 ac
338 2635 555 2679 vehemens
584 2636 778 2678 concitata
818 2636 1066 2691 persecutio,
1111 2652 1224 2692 qnam
1259 2635 1525 2677 Romanorum
1559 2650 1673 2692 prae-

115 2704 251 2747 sertim
283 2703 374 2746 odio
407 2711 699 2754 commoverat,
745 2703 846 2759 quod
882 2702 1087 2746 Romanos
1122 2705 1380 2761 imperatores
1421 2701 1671 2746 Christianos

116 2785 209 2815 esse
231 2771 417 2824 videi-et,-
451 2773 554 2814 uude
580 2770 847 2814 Christianum
874 2786 990 2813 οηιιιο
1016 2786 1158 2813 nomen
1191 2772 1296 2813 illinc
1318 2771 1575 2813 exterminari
1602 2787 1672 2813 vo-

116 2839 200 2882 luit.
263 2837 412 2882 Verum
436 2840 551 2882 radix
574 2839 790 2896 sapientiae
811 2845 878 2881 aut
901 2838 990 2882 fidei
1014 2847 1125 2882 satus
1150 2854 1226 2881 non
1255 2839 1398 2881 deficit.
1461 2838 1515 2881 Et
1537 2854 1671 2895 qnam-

114 2963 179 2987 νων
208 2948 315 2988 ἄπιλά
391 2977 399 2985 .
447 2951 518 2988 Καὶ
544 2948 583 2988 οὗ
611 2954 695 2992 κτλ..
731 2956 786 2985 aut
808 2950 867 2986 καὶ
912 2963 944 2995 γ.
968 2963 997 2986 τ.
1020 2951 1084 2995 Χρ.
1106 2949 1163 2988 ἀπ’
1183 2950 1319 2988 ἐκείνων
1338 2949 1584 2997 &uexauit-ilvae..
1615 2947 1670 2987 Οὐ

114 2994 200 3042 πρὸς
218 3015 362 3024 -----
439 2997 615 3039 ιστιανοὺς,
635 2994 727 3034 ὥστε
746 2995 784 3033 τὸ
803 2998 868 3033 πᾶν
916 2996 1022 3033 λείπει
1044 2999 1116 3033 κτλ.
