2020 3276
451 264 634 299 PANARII
659 264 743 298 Lm.
757 265 816 299 III.
842 264 951 300 ToM.
969 266 1011 300 II.
1034 265 1166 299 HAER.
1182 265 1372 299 LXXVIII.
1601 254 1683 295 427

141 342 308 390 unffi·
331 357 378 387 ac
398 342 518 387 Iudae
551 345 673 401 stirpe
702 344 754 386 sit
778 344 943 387 oriunda
970 344 1249 398 Elizabethae,
1293 358 1394 402 quae
1427 358 1478 387 ex
1502 341 1685 386 Levitico

140 423 292 473 genem
320 419 454 465 esset,
487 420 652 469 cognata
686 413 828 455 fuerit?

251 479 420 524 Iacobus
438 481 514 524 iste
532 481 727 523 bracteam
749 481 790 523 in
811 481 939 538 capite
961 481 1102 538 gessit.
1164 480 1218 523 Et
1242 496 1328 524 cum
1353 481 1559 538 aliquando
1579 487 1684 522 terra
1705 477 1893 522 Cap.x1v.

139 548 321 595 ienitate
352 549 572 602 laboraret,
616 549 780 592 sublatis
808 550 856 592 ad
887 550 1039 591 coelum
1074 550 1251 592 manibus
1284 550 1435 602 oravit,
1479 550 1686 606 statimque

139 617 268 663 tuber
291 618 342 662 de
364 619 477 660 coelo
499 617 657 660 decidit.
717 616 855 660 Lanea
878 618 1113 660 vestimenta
1139 634 1335 674 nunquam
1358 619 1496 661 induit.
1558 617 1686 660 Huius

139 699 241 731 vero
265 699 394 744 genua
416 687 653 729 camelorum
680 686 807 729 instar
828 687 1013 730 callosam
1038 687 1217 728 duritiem
1238 694 1542 739 contraxerant,
1585 686 1688 742 quod

138 766 236 814 prae
254 754 488 798 abundantia
513 755 668 812 pietatis
690 755 847 797 assidue
870 755 933 797 illa
955 769 1087 797 coram
1110 755 1268 797 domiuo
1287 756 1478 798 flecteret.
1539 754 1687 811 Quam-

138 823 275 867 obrem
300 836 416 866 nemo
447 823 612 880 amplius
644 823 802 880 proprio
836 824 943 866 illum
974 824 1132 866 nomine
1163 825 1356 876 vocabat,
1398 825 1464 865 sed
1487 827 1616 865 Iustus
1636 823 1684 866 ab

139 891 321 936 oin-itm
351 891 631 950 appellabatur.
693 892 755 934 Ad
780 891 878 935 baec
907 907 1102 949 nunquam
1128 892 1167 934 in
1192 893 1343 935 balucis
1368 892 1485 944 lavit,
1529 892 1576 934 ab
1602 892 1686 933 ani-

138 967 247 1005 nato
265 960 374 1003 omni
399 961 653 1017 temperavit,
680 958 735 1002 'ut
762 968 878 1003 antea
915 962 1059 1003 dictum
1086 969 1169 1014 est3
1217 975 1343 1017 neque
1374 961 1559 1004 sandaliis
1591 974 1686 1003 usus

138 1036 216 1072 est.
276 1027 445 1085 Reliqua
479 1029 609 1071 omnia
641 1029 911 1086 praetermitto
944 1044 1043 1086 quae
1069 1031 1116 1071 de
1141 1031 1214 1072 hoc
1241 1029 1354 1082 viro,
1399 1031 1523 1086 deque
1553 1030 1687 1071 lauda-

137 1097 207 1142 bili
230 1095 336 1141 vitae
359 1097 464 1140 illius
487 1097 690 1149 instituto,
735 1098 948 1154 quamlibet
974 1099 1134 1155 copiose
1168 1099 1243 1141 dici
1269 1106 1447 1154 possunt.
1510 1097 1686 1141 Videsne

139 1179 256 1224 quan
277 1166 437 1223 egregia
458 1166 602 1208 familia
622 1165 687 1208 illa
708 1166 835 1207 omnis
856 1167 1064 1210 extiterit?
1107 1165 1211 1209 Nam
1236 1167 1270 1210 si
1297 1167 1448 1224 Iosephi
1471 1167 1582 1209 liberi
1608 1167 1687 1208 vir-

138 1235 272 1292 ginum
305 1235 481 1278 ordinem
510 1233 618 1276 illum
645 1241 685 1276 et
706 1233 1006 1278 Nazaraeorum
1033 1236 1198 1278 officium
1223 1237 1499 1288 sectabantur,
1542 1243 1687 1292 quanto

137 1302 264 1360 nagia
293 1317 422 1346 senex
451 1302 519 1344 ille
541 1303 797 1345 veneratione
833 1304 939 1345 omni
975 1303 1226 1360 dignissimus
1261 1312 1408 1347 castam
1441 1312 1482 1346 et
1503 1305 1688 1346 intactam

138 1372 332 1428 virginem
366 1385 609 1414 conservare
641 1379 832 1425 noverat,
874 1379 915 1414 et
946 1371 984 1414 ei
1023 1374 1108 1415 vasi
1143 1374 1381 1430 singularem
1405 1374 1596 1430 quendam
1621 1372 1690 1414 ho-

138 1454 275 1484 norem
299 1441 477 1492 deferre,
510 1440 611 1495 quod
632 1440 797 1482 salutem
820 1441 1018 1483 bominum
1041 1442 1250 1498 aliquando
1273 1443 1548 1485 continuerat?
1607 1439 1687 1485 Sed

138 1516 180 1553 et
205 1515 346 1551 natura
369 1507 451 1564 ipsa
476 1508 711 1550 documento
737 1509 849 1551 nobis
872 1523 961 1551 esse
986 1518 1138 1564 potest,
1172 1511 1272 1567 quod
1297 1519 1337 1554 et
1361 1512 1500 1554 affecta
1521 1512 1596 1553 iam
1620 1524 1687 1552 ae-

138 1584 220 1620 tate
243 1577 345 1620 foret
366 1591 412 1619 ac
435 1584 527 1619 natu
549 1578 758 1634 grandior,
793 1592 956 1633 magnus
976 1578 1080 1621 inter
1104 1579 1229 1631 viros,
1264 1580 1437 1622 moribus
1462 1579 1608 1630 fidelis,
1642 1593 1689 1621 ac

136 1645 269 1704 specie
302 1645 384 1701 ipsa
415 1645 641 1702 religiosus.
705 1645 765 1688 De
797 1660 845 1688 eo
872 1647 1012 1703 quippe
1043 1654 1210 1690 testatur
1242 1649 1515 1704 evangelium,
1556 1651 1685 1689 Homi-

133 1728 220 1756 παι
237 1715 358 1768 fiu'ese
382 1717 566 1756 uiuentem
585 1717 719 1765 dcum3
765 1715 828 1771 qui
859 1715 1006 1758 idcirco
1034 1716 1132 1758 clam
1162 1716 1368 1773 coniugem
1393 1717 1587 1759 dimittere
1609 1724 1689 1759 sta-

138 1781 298 1825 tuisset.
358 1780 440 1826 Sed
467 1790 508 1825 ut
530 1783 576 1825 ad
603 1783 781 1825 Iacobum
806 1785 988 1838 redeam,
1035 1785 1180 1827 domiui
1214 1787 1374 1827 fratrem
1399 1800 1446 1828 ac
1470 1785 1621 1842 Iosepbi
1645 1785 1688 1827 fi-

138 1850 260 1904 liun,
308 1849 370 1893 bic
395 1850 684 1908 Hierosolymis
709 1859 887 1895 mortuus
909 1861 971 1895 est
991 1853 1105 1895 annis
1130 1861 1215 1909 post
1240 1854 1512 1896 ascensionem
1541 1853 1688 1897 domiui

137 1918 227 1977 plus
247 1918 376 1962 ninus
407 1919 544 1976 viginti
577 1927 745 1976 quatuor
772 1922 948 1970 exactis,
990 1937 1076 1964 cum
1110 1923 1194 1979 ipse
1220 1930 1378 1965 sextum
1407 1930 1448 1965 et
1474 1923 1686 1980 nonagesi-

138 2000 243 2030 mum
264 1987 406 2030 aetatis
426 1995 578 2044 ageret.
639 1988 743 2031 Huic
766 1990 869 2031 enim
893 1990 987 2033 fullo
1006 1991 1160 2047 quidam
1185 1999 1300 2048 caput
1321 1993 1421 2033 fuste
1442 1991 1686 2042 comminuit,

139 2068 227 2098 cu-
257 2067 447 2112 praeceps
467 2063 575 2098 esset
598 2070 621 2098 e
650 2058 780 2114 templi
804 2059 1011 2115 pinnaculo
1034 2060 1209 2102 deiectus
1225 2092 1236 2108 ,
1278 2061 1347 2102 sed
1370 2060 1464 2102 nihil
1482 2061 1687 2102 admodum

142 2120 344 2175 offensus,
388 2123 648 2180 procumbens
671 2125 710 2167 in
738 2140 867 2182 genua
900 2141 970 2184 pro
1003 2128 1062 2170 his
1086 2128 1182 2185 ipsis
1202 2142 1223 2170 a
1248 2129 1385 2185 quibus
1412 2129 1688 2186 praecipitatus

141 2192 295 2243 fuerat,
336 2191 451 2233 deum
476 2199 657 2248 precatus
679 2201 741 2236 est
765 2194 825 2237 bis
854 2196 1011 2249 verbis,
1056 2194 1219 2239 Dimitte
1252 2198 1353 2249 illis,
1395 2199 1483 2253 quia
1507 2197 1688 2239 nesciunt

139 2259 230 2318 quid
256 2259 419 2302 faciunt.
481 2257 595 2302 Unde
627 2258 802 2318 Symeon
835 2262 939 2306 illius
966 2278 989 2306 e
1013 2279 1153 2307 sorore
1182 2279 1304 2322 nepos
1338 2280 1383 2308 ac
1411 2264 1611 2321 Cleophae
1645 2265 1687 2307 fi-

140 2328 217 2372 lius
235 2328 370 2386 procul
395 2328 555 2371 adstans
579 2329 618 2371 in
645 2329 741 2372 haec
765 2331 886 2373 verba
909 2331 1062 2376 locutus
1084 2341 1167 2386 est,
1212 2337 1407 2375 Desinite!
1466 2337 1567 2387 Quid
1591 2336 1686 2387 lapi-

138 2398 250 2440 dibus
273 2401 412 2439 caseum
435 2400 616 2438 hominem
650 2401 856 2451 appetitis?
912 2403 952 2441 Is
970 2416 1044 2455 pro
1066 2403 1167 2443 vobis
1196 2406 1335 2456 optima
1362 2417 1529 2457 quaeque
1547 2416 1682 2456 preca-

140 2474 218 2509 m·-
280 2464 369 2508 Boc
399 2465 518 2522 igitur
548 2466 663 2507 modo
692 2466 882 2523 martyrio
912 2470 1140 2524 perfunctus
1168 2478 1244 2513 est.

1728 1654 1842 1686 Matth.

1753 1692 1780 1726 1,
1800 1691 1842 1719 18.

254 2534 332 2577 Iam
367 2548 464 2576 vero
493 2534 526 2576 si
555 2533 707 2590 Ioscpbi
738 2534 838 2577 tilius
869 2542 999 2579 aetate
1024 2537 1081 2579 sic
1109 2546 1320 2595 provectus
1355 2539 1447 2590 ruit,
1493 2539 1578 2595 quis
1601 2538 1686 2581 eius
1712 2548 1792 2595 cap.
1813 2549 1890 2583 xv.

141 2609 292 2661 patrem
313 2602 549 2654 arbitretur,
583 2602 646 2659 qui
670 2609 745 2644 tam
772 2602 966 2646 horrenda
989 2607 1211 2661 spectacula
1234 2606 1421 2657 vidisset,
1455 2613 1544 2663 puta
1567 2620 1687 2662 ange·

139 2669 200 2714 los
225 2672 400 2714 nascenti
427 2671 504 2713 ulio
528 2671 588 2713 dei
614 2671 845 2727 stipatorum
873 2686 917 2714 ac
941 2672 1150 2716 satellitum
1175 2675 1299 2717 officia
1328 2682 1596 2731 praestantes,
1640 2688 1687 2716 ac

140 2739 189 2782 de
206 2739 319 2782 coelo
341 2746 545 2782 cantantes
558 2771 570 2791 ,
603 2746 644 2780 et
665 2738 863 2790 dicentes,
897 2742 1028 2781 Gloria
1050 2745 1089 2782 fn
1109 2745 1304 2783 alet'sse‘me's
1325 2746 1412 2791 deo,
1456 2750 1496 2783 et
1518 2746 1558 2783 ἐπ
1578 2751 1682 2785 terr-a
1700 2752 1811 2787 tanea,
1830 2753 1872 2783 u.

134 2822 239 2862 pax,
285 2811 323 2849 in
346 2810 555 2849 hominibus
585 2809 745 2861 benigna
776 2810 972 2857 volemtas,·
1018 2823 1104 2851 cum
1134 2819 1312 2866 pastores
1347 2811 1508 2867 insuper
1530 2811 1576 2853 ad
1599 2825 1684 2853 eam

139 2875 362 2932 speluncam
386 2876 424 2919 in
448 2891 523 2933 qua
548 2874 732 2918 Christus
760 2883 874 2919 natus
904 2884 989 2919 erat
1011 2878 1299 2931 accessissent,
1342 2880 1556 2936 eademque
1587 2894 1685 2923 nun·

141 2942 329 2995 tiaasent‚
370 2957 456 2986 cum
488 2945 606 2997 baec,
651 2945 830 2999 iuquam,
876 2952 952 2987 tam
981 2945 1206 2988 admiranda
1233 2946 1406 3003 prodigia
1433 2962 1479 2989 ac
1501 2947 1686 2991 miracula

143 3012 331 3069 Iosephus
364 3012 430 3054 ille
459 3026 585 3055 senex
617 3027 661 3054 ac
688 3012 910 3069 decrepitus
935 3014 1112 3066 audiret,
1156 3014 1293 3057 fierine
1324 3015 1448 3074 potuit
1472 3023 1610 3059 sancto
1642 3024 1684 3060 ut

189 3101 358 3139 eunxv.
386 3122 425 3128 —
477 3103 504 3138 1.
536 3105 635 3147 Vulpo
656 3095 732 3149 ἆρα.
