2020 3276
438 213 622 248 minim
644 212 731 246 Lm.
750 212 809 245 1¹1.
827 211 938 245 ΤΟΜ.
957 212 981 244 1.
1004 210 1137 244 nnn.
1155 209 1316 243 LXXVI.
1564 195 1646 238 329

106 294 225 340 etta·
262 294 328 351 qni
359 292 408 335 ab
437 292 612 348 ipsismet
640 290 802 333 Arianis
833 290 1029 332 deficiunt.
1100 288 1271 345 Repetiti
1304 301 1423 365 porro
1451 285 1555 328 illius
1581 285 1648 326 ba-

108 362 238 423 mi
268 375 316 405 ea
347 361 514 405 formula
542 368 627 403 est:
670 358 713 401 lu
744 358 900 401 nomine
935 358 997 399 dei
1028 357 1219 408 increati,
1262 365 1301 398 et
1331 357 1370 398 in
1394 355 1550 398 nomine
1582 352 1648 395 filii

106 429 248 484 mati,
281 436 322 473 et
338 430 379 473 in
396 429 554 472 nomine
573 428 734 485 spiritus
756 426 1052 477 sanctificantis,
1086 433 1126 467 et
1145 440 1167 467 a
1190 432 1322 467 creato
1341 425 1418 466 lilio
1437 421 1647 480 procreati.

106 495 241 557 Atque
260 505 305 542 ut
328 505 409 541 tota
427 498 580 540 illorum
602 498 730 548 fraus,
776 510 822 537 ac
842 494 1024 537 scenicae
1051 494 1159 535 velut
1187 501 1294 535 artes
1317 500 1357 534 et
1382 490 1558 534 fallaciae
1583 504 1651 546 pe-

107 567 213 612 titu
242 574 481 624 appareant,
522 573 561 607 et
590 565 629 607 id
661 564 820 606 omnino
853 570 1030 614 constet,
1072 577 1150 604 non
1188 562 1300 603 fidem
1337 575 1425 602 esse
1456 561 1556 616 quod
1587 559 1652 601 isti

107 635 357 695 praedicant,
388 634 458 676 sed
483 633 713 676 histrionum
738 632 951 682 officinam,
982 637 1074 672 suut
1098 630 1162 686 qui
1184 637 1359 680 narrent,
1392 635 1581 685 quotquot
1602 627 1650 669 ab

106 704 311 748 iis'denuo
335 702 605 760 baptizantur,
637 702 678 743 in
703 709 819 757 caput
842 700 1041 755 demergi,
1074 699 1235 755 pedibus
1259 699 1298 739 in
1324 697 1488 739 sublime
1517 710 1652 753 porre-

106 772 204 825 ctis,
249 771 380 829 itaque
413 770 680 814 iusiurandum
711 769 838 825 adigi,
883 782 1077 824 nunquam
1105 781 1149 809 se
1172 767 1221 808 ab
1243 765 1347 807 illius
1372 779 1509 807 errore
1534 773 1651 820 atque

107 840 273 890 hobed
284 840 547 885 munros.
607 836 760 880 Ferunt
788 838 950 894 insuper
972 835 1131 878 Aetium
1157 835 1283 892 ipsum
1312 842 1400 891 post
1429 831 1654 880 Constantii

107 909 279 971 ffl-
280 921 304 951 a
323 905 478 952 {uliano
501 907 740 964 imperatore
767 912 994 949 revocatum
1025 904 1074 947 ab
1097 904 1245 956 exilio,
1289 917 1376 945 cnm
1402 910 1535 945 sectae
1558 914 1651 944 suae

107 977 298 1042 ὀψο..
316 983 441 1030 essct,
473 976 522 1019 ab
543 975 716 1018 eiusdem
735 989 831 1017 suae
853 974 1037 1031 episcopo
1053 974 1101 1015 ad
1122 971 1296 1029 episcopi
1317 970 1542 1027 dignitatem
1564 983 1653 1012 esse

108 1059 232 1106 Μ
273 1059 355 1097 ω·

285 1127 334 1157 ec
351 1119 446 1174 'suut
475 1126 575 1168 quae
597 1111 645 1154 de
666 1111 787 1154 Aetio
809 1110 993 1168 Ae‘tiique
1027 1109 1226 1166 discipulis
1256 1107 1497 1162 investigare
1528 1107 1655 1164 potui-

108 1196 212 1226 mus.
273 1179 387 1238 Quos
407 1179 583 1223 nonnulli
607 1180 860 1232 Anomoeos,
895 1180 967 1222 hoc
991 1185 1054 1221 est
1073 1177 1282 1220 dissimiles
1302 1176 1519 1228 nominant,
1552 1176 1655 1231 quod

111 1251 300 1295 Arianam
329 1249 512 1292 haeresin
539 1249 721 1291 uberiore
753 1249 918 1305 quadam
950 1262 998 1290 ac
1026 1246 1148 1304 magis
1180 1246 1405 1288 execranda
1431 1245 1652 1300 dogmatum

109 1318 312 1377 inpietate
341 1325 591 1376 superarunt.
658 1316 720 1359 De
754 1317 893 1373 quibus
919 1323 1171 1373 posteaquam
1203 1314 1424 1369 singillatim
1457 1327 1526 1369 pro
1560 1313 1646 1355 viri·

109 1387 207 1440 bu,
248 1386 382 1434 divina
418 1386 634 1444 opitulante
665 1386 814 1441 gratia,
855 1384 1160 1442 disputavimus,
1205 1397 1251 1425 ac
1274 1382 1383 1424 velut
1408 1381 1655 1438 multipedem

108 1455 428 1513 mundum,
467 1455 570 1511 quod
591 1455 731 1496 insecti
754 1469 880 1511 genus
902 1455 1022 1496 iulum
1042 1459 1209 1504 vocant,
1252 1450 1430 1493 veritatis
1450 1451 1547 1506 pede
1566 1464 1656 1506 pro-

108 1523 374 1576 edea'vi-ua,
416 1530 456 1566 et
487 1522 592 1565 unici
619 1523 679 1564 dei
707 1523 773 1565 lilii
796 1537 890 1565 vera
916 1522 1168 1564 confessione
1190 1519 1473 1569 contrivimus,
1516 1518 1655 1574 gratiis

106 1593 185 1636 ὼο
205 1606 317 1635 ..ω
338 1599 475 1634 nostro
498 1591 731 1648 persolutis,
767 1592 928 1647 eiusque
950 1592 997 1633 ad
1024 1589 1299 1632 imbecillitatis
1324 1594 1484 1629 nostrae
1506 1585 1658 1642 praesi-

107 1660 441 1718 fi-inplorata
460 1660 621 1712 virtute,
653 1660 702 1702 ad
725 1660 895 1715 reliquas
914 1660 1098 1701 haereses
1118 1672 1187 1713 pro
1207 1663 1323 1713 captu
1342 1655 1480 1698 virium
1502 1661 1656 1696 nostra·

107 1729 589 1786 “intelligentiaeque
628 1736 891 1771 transeamus.
953 1728 1014 1769 Ac
1049 1726 1194 1768 domini
1223 1724 1400 1781 inprimis
1435 1737 1573 1779 opem,
1615 1729 1659 1765 ut

106 1797 304 1850 fihus,
334 1797 611 1855 imploremus,
644 1804 686 1839 ut
707 1798 741 1838 is
763 1797 811 1838 ad
836 1797 921 1839 illas
942 1795 1197 1853 explicandas
1221 1808 1269 1836 ac
1294 1793 1521 1835 refutandas
1545 1805 1657 1847 prae-

110 1871 175 1910 ato
193 1865 308 1909 uobis
327 1879 419 1909 esse
443 1866 561 1918 velit,
604 1880 680 1922 qno
703 1866 806 1908 illius
830 1866 978 1908 viribus
998 1880 1042 1906 ac
1066 1870 1260 1921 potestate
1291 1861 1380 1904 freti
1402 1862 1503 1917 quod
1531 1860 1658 1902 tenui-

110 1940 173 1977 taa
197 1933 524 1991 nah-vimque
549 1942 684 1976 nostra
709 1934 883 1991 suscepit
901 1934 948 1975 ad
972 1934 1121 1975 exitum
1148 1932 1363 1988 perducere
1387 1929 1596 1986 possimus.

510 2022 628 2059 riuis
652 2025 777 2059 ptum
801 2026 916 2060 ΤΟΜῙ
939 2024 1095 2060 TERTn
1122 2023 1251 2057 Ltnm.

155 2138 214 2176 87.
237 2134 410 2183 deutoro<
430 2139 522 2173 codd.
540 2147 614 2172 naa.
638 2141 687 2173 ed.
710 2143 739 2174 d
758 2142 859 2181 prtne.
906 2137 994 2175 κατὰ
1012 2136 1144 2174 Ἀετίου
1174 2137 1233 2173 τοῦ
1262 2134 1420 2191 ἀνομοίου
1454 2133 1658 2177 καλουμένυ
1603 2145 1658 2169 νυο

155 2183 384 2265 &oznaim
344 2185 435 2217 θοαί
457 2193 530 2217 ''m-
553 2186 676 2217 ‘ffl‘dk
699 2188 797 2226 We-
904 2184 964 2221 καὶ
987 2186 1055 2220 τῶν
1084 2181 1139 2220 wt'
1166 2179 1270 2219 αυτοῦ
1298 2178 1371 2217 Ευν
1334 2192 1468 2225 υνινομα
1471 2181 1517 2216 ῶν
1539 2181 1657 2215 κ-αλου

386 2231 607 2272 .subsertpuo
626 2234 670 2264 est
693 2229 800 2272 Τέλος
822 2229 865 2267 τὰ
911 2230 971 2275 μέν
954 2242 1029 2266 vm
