2020 3276
376 190 457 232 644
836 197 1053 231 mmmm
1075 197 1136 232 ιιί·
1160 197 1460 232 οοιιιιιῦιιιῑυιι.

373 276 591 313 ἰνκισσόντων
614 276 665 320 (h.
684 287 712 310 e.
735 272 986 321 ἑγκισσῶντων)
1010 278 1095 310 Ven.
1134 276 1406 322 ἐνκισσησάντων
1428 278 1497 311 Βοι-
1527 294 1567 302 -
1601 276 1626 312 1.
1646 276 1680 313 3.
1702 277 1746 312 nb
1766 277 1830 313 inf.
1849 274 1918 324 ἄρα

373 327 462 378 γὀὖν
487 332 645 379 ἔκβλητοί
667 332 770 376 εἰσιν,
797 333 832 368 αἱ
855 332 985 378 γραφαὶ
1009 333 1045 368 αἱ
1065 331 1176 378 πάντη
1200 335 1284 368 Ven.

463 390 688 437 vogaso.
732 390 754 423 l.
780 391 805 424 1.
832 388 939 435 μόνης
968 387 1196 435 ἀποστολικῆς
1217 390 1277 426 καὶ
1306 391 1493 434 καθολικῆς
1515 391 1600 424 Veu.
1641 390 1749 427 mlo
1777 398 1855 436 put
1876 402 1918 425 ex

371 447 492 480 eodem
526 447 612 480 fibro
638 446 776 480 restitue
798 447 1001 480 verissimam
1033 447 1231 492 scripturam
1265 444 1328 483 οὐκ
1360 446 1434 491 ἐρεῖ
1462 446 1530 482 ἕνα.
1563 465 1594 472 -
1642 446 1666 481 l.
1686 446 1719 483 9.
1744 447 1856 483 vorb-
1876 446 1916 483 τό

370 503 503 548 πνεῦμα
531 504 595 547 τῆς
629 500 795 548 ἀληθείας
825 505 946 538 Venet.
973 515 1041 538 ιιοιι
1071 504 1233 548 agnoscit.
1257 523 1301 530 --
1346 503 1370 537 l.
1399 504 1449 537 12.
1482 500 1722 544 ἐνυπόστατος,
1756 502 1817 540 καὶ
1844 502 1918 544 υἱὸς

371 558 445 600 υἱός
462 560 591 600 τέλειος
614 559 859 605 ἑνυπὸστατος,
882 560 943 597 καὶ
965 557 1059 606 ἅγιον
1077 572 1129 596 πν.
1150 557 1244 605 ἅγιον
1268 561 1400 604 πνεῦμα
1420 560 1487 596 τέλ.
1514 562 1596 595 Veu.
1619 579 1662 588 —-
1707 561 1733 595 Ι.
1750 559 1808 597 14.
1829 571 1915 598 παν·

369 617 474 663 ταχοῦ
496 618 617 663 σαφῶς
640 619 723 651 Ven.
749 638 792 644 —
838 618 860 652 1.
885 619 937 652 15.
959 619 1024 663 τῆς
1045 614 1155 662 αὐτῆς
1175 615 1358 661 θεότητος,
1382 617 1447 661 τῆς
1467 614 1579 662 αὐτῆς
1591 615 1798 662 ταυτότητος
1816 623 1918 663 anget

371 675 454 707 Ven.
480 693 525 700 —
568 674 592 708 l.
618 675 668 710 17.
694 674 878 719 εἰρημένων
899 674 961 710 καὶ
978 672 1052 710 ἀντὶ
1074 673 1114 710 δὲ
1141 676 1208 709 τῶν
1226 671 1311 717 πρὸς
1330 685 1360 708 τ.
1383 685 1413 709 τ.
1436 685 1492 718 πρ.
1521 674 1578 710 νοῦ
1604 673 1744 720 Nemo&
1763 675 1848 709 Van.
1871 694 1916 701 —

369 730 392 763 1.
413 731 465 766 18.
489 729 532 767 ταὶ
555 727 659 767 αὐτοῦ
682 730 804 777 κεφάλ.
828 733 912 764 Ven.
935 750 980 758 —-
1025 731 1048 764 1.
1066 732 1121 765 22.
1145 728 1314 775 Χριστὸς,
1348 726 1392 766 δι’
1413 725 1451 766 ὃν
1471 729 1514 766 τὰ
1535 728 1646 767 πάντα
1663 730 1723 767 καὶ
1743 728 1848 776 ἡμεῖς
1870 727 1916 767 δι’

369 785 473 823 αὐτοῦ
501 789 586 821 Ven.
608 808 653 816 —
699 789 722 822 1.
741 788 796 824 23.
819 784 874 824 ’ὅτι
899 788 1010 833 λέγει,
1041 786 1107 828 Εἷς
1130 786 1211 827 θεὸς
1236 789 1317 821 Ven.
1346 807 1384 813 -
1431 787 1455 821 l.
1475 787 1508 822 8.
1531 787 1573 822 ab
1595 787 1659 823 int.
1682 786 1743 834 μὶν
1761 788 1835 824 τοῦ.
1857 787 1916 824 καὶ

367 844 474 890 λέγων
495 845 627 890 (κύριος
648 845 760 888 deezt)
784 865 822 871 -
845 865 886 872 —
909 843 994 880 εἶναι
1020 845 1149 889 πατέρα
1170 846 1251 878 Ven.
1275 862 1319 871 -
1365 843 1388 877 1.
1410 843 1444 879 6.
1467 845 1510 878 ab
1532 844 1594 878 inf.
1617 843 1731 882 inum
1756 845 1836 891 (tic)
1862 844 1913 891 τῷ

367 902 434 944 (sic
460 904 618 943 restitue)
647 902 750 938 εἰπεῖν
779 903 866 936 ven.
889 921 934 928 —
978 901 1002 935 l.
1022 899 1054 936 4.
1081 901 1123 935 ab
1146 900 1208 934 inf.
1231 899 1270 937 τὸ
1294 898 1379 937 εἶναι
1401 899 1482 937 θεὸν
1504 903 1589 936 Ven-
1612 921 1654 928 —
1688 901 1712 937 1.
1732 901 1766 938 ³.
1789 901 1832 936 nb
1851 900 1915 936 inf.

366 954 452 995 ἀλλὰ
476 959 526 999 εἰς
550 959 628 1004 μίαν
651 956 834 1004 ὀνομασίαν
857 956 950 1004 ἄγειν
974 960 1059 992 Ven.

455 1017 563 1064 Peg·-
585 1018 687 1053 158.
732 1017 755 1050 l.
774 1016 807 1051 8.
830 1012 1006 1061 η’ρνῆσατο
1027 1012 1131 1052 αὐτόν
1153 1013 1237 1050 εἶναι
1259 1013 1359 1056 θεὸν,
1383 1011 1469 1051 ἀλλὰ
1487 1016 1572 1049 Veu.
1594 1034 1640 1042 —
1683 1015 1705 1050 1.
1724 1014 1760 1051 6.
1781 1017 1826 1062 τῇ
1851 1015 1914 1062 μιᾷ

367 1069 533 1120 ὀνομασία
558 1075 642 1108 Ven.
665 1093 709 1100 --
755 1073 778 1107 l
800 1073 831 1108 7
864 1075 967 1118 δῆλον
988 1069 1044 1108 ὅτι
1066 1071 1139 1108 ἐστι
1161 1074 1246 1107 Ven.
1275 1091 1315 1098 —
1363 1072 1387 1105 Ι.
1412 1072 1463 1107 12.
1489 1069 1567 1117 ὑμῖν
1589 1069 1706 1117 ιὶπογρ.
1730 1074 1765 1109 δ.
1783 1072 1843 1109 τοῦ
1862 1070 1912 1118 μὴ

363 1175 442 1220 περὶ
457 1129 563 1211 {urg
593 1176 672 1220 (sic)
701 1177 784 1210 Ven
808 1195 852 1202 —
898 1176 919 1209 l.
943 1176 993 1210 18.
1028 1176 1147 1208 venet.
1171 1175 1302 1220 plenius
1335 1174 1383 1210 Εἰ
1416 1174 1456 1211 δὲ
1488 1173 1588 1221 χρεία
1620 1163 1724 1213 εἰπεῖν
1755 1174 1816 1211 καὶ
1835 1175 1914 1221 περὶ

364 1233 424 1268 τοῦ
449 1252 492 1259 -
514 1251 560 1259 -—·
583 1231 734 1277 ἐνπορεία
757 1231 928 1269 Αἰθιόπων
951 1232 1011 1268 καὶ
1034 1233 1066 1269 οἱ
1088 1231 1241 1278 Σαβαεὶν
1266 1233 1350 1266 ven.
1374 1251 1419 1258 -
1464 1231 1488 1266 l.
1506 1233 1560 1266 20.
1586 1229 1618 1267 εἶ
1639 1229 1722 1272 θεὸς
1742 1229 1780 1276 (ὁ
1802 1231 1912 1277 deest)

364 1291 448 1325 ven.
495 1290 588 1324 Idem
606 1290 688 1323 ibid.
707 1289 767 1325 καὶ
784 1289 846 1334 τὸ,
883 1288 950 1325 Σοὶ
969 1291 1091 1329 δοῦλοι,
1117 1309 1158 1315 -
1207 1289 1230 1323 l.
1251 1289 1306 1324 21.
1329 1301 1478 1335 χειροπ.,
1513 1287 1574 1324 καὶ
1595 1287 1631 1324 ἐν
1654 1287 1708 1324 σοὶ
1725 1288 1913 1335 προςκυνή-

366 1358 482 1387 σουσι,
517 1346 576 1382 καὶ
599 1346 632 1382 ἐν
655 1346 709 1382 σοὶ
726 1345 960 1390 προςεύξονται
976 1353 1075 1391 auget
1097 1347 1180 1380 Ven.
1205 1365 1249 1372 —-
1295 1345 1318 1380 l.
1338 1347 1390 1380 22.
1417 1344 1448 1381 εἶ
1473 1342 1554 1385 θεὸς
1578 1347 1657 1379 Ven.
1705 1345 1799 1380 Idem
1819 1346 1842 1386 1.
1862 1346 1912 1384 17.

360 1399 504 1450 ’ᾔδειμεν
525 1402 605 1444 θεὸς
624 1404 683 1439 τοῦ
701 1400 843 1448 Ἰσραὴλ
865 1402 992 1447 σωτήρ.
1039 1402 1141 1445 Ait-,22
1161 1402 1213 1443 δὲ,
1238 1399 1314 1448 Οὐχ
1332 1400 1426 1449 ὁρᾷς,
1451 1422 1496 1428 -
1541 1402 1565 1436 1.
1586 1403 1637 1439 18.
1658 1403 1726 1439 τῶν
1743 1400 1912 1444 τοσούτων

363 1460 475 1504 ῥητῶν
494 1462 575 1505 (γὰρ
592 1461 704 1501 deest)
722 1462 808 1495 Ven.
832 1480 879 1486 —
921 1461 942 1494 1.
960 1462 1014 1495 20.
1039 1457 1305 1506 ἀνθυπερβάτως
1324 1455 1415 1504 (ἀνθ’
1435 1457 1635 1506 ὑπερβατῶς
1655 1460 1743 1503 Bu.)
1760 1457 1801 1497 δὲ
1818 1456 1912 1505 ἄγων

362 1519 447 1551 Ven.
473 1537 514 1544 -
560 1518 583 1551 1.
604 1518 658 1552 22.
672 1514 812 1563 ”Ωςπερ
831 1515 896 1563 γάρ
916 1518 1014 1564 κακῷ
1039 1520 1122 1551 Ven.
1149 1537 1193 1543 —
1240 1517 1263 1550 1.
1285 1517 1341 1551 23.
1365 1516 1515 1550 nestitae
1540 1528 1580 1550 ex
1604 1517 1689 1550 Ven.
1713 1514 1791 1557 τοῦς
1821 1515 1912 1563 μηδὲ

361 1570 452 1615 ὅλως
480 1572 632 1619 ὁρῶντας
661 1575 803 1610 καλοῦσι
834 1574 1110 1621 πολυβλέποντας.
1134 1594 1172 1599 -
1223 1574 1245 1607 l.
1264 1572 1320 1608 24.
1344 1573 1502 1618 γλυκείας
1524 1572 1635 1618 φασὶ,
1671 1572 1732 1609 καὶ
1761 1574 1844 1608 ven.
1870 1593 1910 1600 -

361 1633 384 1666 l.
401 1633 454 1666 25.
484 1631 572 1672 τινὲς
603 1628 785 1676 ὠνόμασαν
809 1633 896 1665 Ven.
919 1651 962 1657 —-
1009 1631 1031 1665 1.
1053 1631 1084 1666 4.
1111 1630 1154 1664 ab
1176 1630 1238 1664 inf.
1261 1629 1390 1674 Νοητοὶ
1413 1629 1499 1676 ἔχων
1525 1631 1608 1665 Ven.
1633 1630 1731 1664 Bene.
1756 1649 1796 1656 -
1845 1630 1912 1666 1.3.

361 1689 403 1723 ab
425 1689 487 1723 inf.
511 1683 558 1724 ῶν
578 1700 616 1724 τε
639 1687 768 1733 φάσκει
790 1688 850 1724 καὶ
873 1683 920 1724 ῶν
942 1687 1166 1734 προβάλλεται
1189 1689 1274 1721 Ven.
1306 1687 1429 1721 Probo.
1453 1705 1496 1712 -
1541 1685 1563 1720 1.
1584 1686 1711 1732 penult.
1730 1687 1914 1732 πληροῦται

361 1747 444 1781 Ven.
490 1747 571 1780 Mox
593 1746 684 1779 idem
705 1746 782 1790 περί
803 1757 899 1781 τινων
923 1747 1013 1792 διαβ.

450 1804 558 1850 Pas.
581 1804 683 1839 16⁰.
728 1803 750 1836 l.
771 1805 799 1837 1.
824 1801 989 1847 ἀνώτερον
1019 1801 1086 1847 ἔφη
1115 1799 1140 1846 ἡ
1169 1801 1247 1837 θεία
1269 1802 1353 1835 ven.
1378 1819 1423 1827 —
1470 1801 1491 1833 Ι.
1513 1801 1546 1836 3.
1571 1800 1724 1840 δεικτέον
1741 1799 1816 1837 ἐστὶ
1832 1801 1911 1846 περὶ

356 1861 423 1904 τῆς
446 1856 559 1904 πόσης
586 1861 669 1893 Ven.
698 1879 734 1885 -
784 1859 806 1892 l.
831 1858 864 1894 4.
889 1858 1084 1904 θυγατέρων
1107 1870 1171 1903 μου
1194 1858 1254 1894 καὶ
1276 1859 1360 1891 ven.
1383 1877 1427 1884 -
1472 1858 1494 1891 l.
1513 1858 1547 1893 9.
1571 1855 1650 1894 οὖδέ
1672 1856 1760 1902 μετὰ
1787 1855 1909 1903 δυ’ρθν

358 1919 443 1951 Ven.
468 1936 512 1942 —
543 1916 567 1950 1.
594 1917 643 1950 11.
668 1913 694 1960 τί
717 1915 861 1960 ἐμπορία
884 1915 959 1951 Αἰθ.
986 1916 1067 1949 ven.
1091 1935 1134 1942 —
1167 1915 1190 1948 l.
1218 1915 1266 1950 13.
1291 1913 1400 1959 λόγος,
1425 1922 1503 1948 ante
1528 1912 1547 1950 6
1569 1912 1654 1956 υἱός,
1678 1926 1746 1953 om.
1769 1915 1908 1949 Venn—

357 1973 380 2007 l.
409 1975 459 2008 ¹5.
485 1969 557 2017 ὅτι,
583 1979 659 2016 post
681 1972 798 2014 πάλιν,
836 1985 903 2006 om.
926 1974 1009 2006 Ven.
1055 1971 1149 2005 Idem
1171 1972 1195 2006 l.
1213 1972 1265 2007 16.
1289 1983 1354 2005 om.
1377 1969 1403 2015 ἦ
1424 1978 1503 2005 ante
1527 1967 1719 2013 ίδιάζουσα,
1754 1978 1791 2006 et
1808 1971 1831 2006 Ι.
1856 1971 1908 2008 17.

357 2030 458 2063 verba
478 2028 516 2071 ἐξ
537 2025 641 2064 αὐτοῦ
664 2037 744 2062 ante
763 2026 946 2074 ἀληθινῶς.
970 2048 1015 2054 -
1060 2029 1084 2062 l.
1094 2030 1150 2063 20.
1175 2029 1285 2062 Verba
1305 2027 1345 2063 ἐκ
1364 2028 1490 2072 νεκρῶν
1514 2028 1603 2064 οἰκεῖ
1617 2027 1652 2064 ἐν
1671 2025 1752 2074 ιῖμῖν
1775 2025 1797 2064 6
1815 2027 1908 2073 ἐγεί-

359 2098 420 2131 ρας
443 2098 508 2120 om.
533 2088 614 2120 Ven.
662 2087 756 2120 Idem
786 2086 870 2120 liber
896 2086 997 2130 paulo
1026 2092 1105 2130 post
1129 2084 1332 2131 ζωογονήσει
1350 2084 1420 2120 καὶ.
1445 2105 1488 2112 -
1534 2085 1557 2118 l.
1580 2085 1635 2120 22.
1658 2080 1752 2126 ἕως
1771 2083 1910 2131 συνᾴδοι

357 2144 442 2176 Ven.
486 2139 580 2183 ὅπως
603 2141 741 2190 συνᾴδει
764 2145 835 2176 Bas.
862 2162 902 2168 —
949 2143 971 2176 l.
990 2141 1045 2177 24.
1070 2146 1300 2187 προφητικοῖς.
1349 2141 1396 2177 Εἰ
1419 2140 1484 2187 γὰρ
1508 2138 1632 2187 ἤγειρα
1654 2143 1761 2187 vm,
1792 2141 1851 2188 qui
1872 2142 1906 2177 ἰιι

357 2212 448 2245 sequ.
467 2200 556 2234 linea
575 2207 688 2234 tuetur
705 2198 747 2235 ‘O
765 2199 804 2236 δὲ
823 2212 886 2245 pro
908 2211 975 2245 quo
994 2200 1148 2244 resefipsi
1167 2198 1219 2235 T6
1241 2199 1301 2243 δὲ,
1333 2199 1415 2232 item
1434 2199 1456 2232 1.
1468 2199 1523 2234 27.
1545 2198 1579 2234 ἐν
1598 2198 1670 2245 ναῷ
1687 2197 1722 2235 ἐν
1741 2197 1851 2243 σαρκὶ.
1869 2217 1905 2225 -

356 2257 445 2293 ¹126.
467 2256 552 2302 πρὸς
573 2256 652 2293 θεὸν
673 2256 800 2301 ἐπιστρ.
819 2259 904 2291 Ven.
927 2276 972 2283 --
1005 2257 1029 2290 l.
1042 2256 1096 2291 29.
1120 2254 1195 2296 υἱὸς
1214 2258 1273 2292 τοῦ
1294 2256 1375 2291 θεοῦ
1395 2253 1496 2300 λόγος
1514 2254 1612 2300 (θεὸς
1632 2255 1744 2301 ἆσαι)
1763 2257 1905 2291 Vem—

356 2315 381 2348 1.
393 2315 426 2350 6.
450 2315 492 2348 ab
514 2315 574 2348 inf.
598 2313 693 2350 Διότι
710 2312 754 2349 τὰ
775 2311 884 2349 πάντα
909 2314 1083 2358 μυστικῶς
1105 2313 1274 2358 οἰκονόμει
1291 2313 1372 2358 (οἷο)
1397 2311 1479 2352 θεὸς
1498 2311 1598 2358 λόγος
1615 2308 1818 2353 ἀποστόλοις
1836 2307 1904 2348 ἀπὸ

355 2370 482 2415 πατρὸς
506 2371 540 2407 ἐν
563 2371 684 2416 σαρκὶ,
707 2370 767 2406 καὶ
791 2369 884 2407 συνδ.
907 2368 1044 2416 ἀγάπης
1066 2370 1297 2415 πνευματικῆς
1318 2367 1451 2410 δεικνυς
1475 2371 1560 2404 Ven.
1582 2387 1629 2407 -.-
1672 2369 1694 2403 1.
1713 2366 1747 2404 4.
1771 2369 1815 2404 ab
1836 2367 1901 2404 inf.

358 2426 461 2469 αυτὸς
483 2428 581 2474 λόγος
604 2428 642 2470 (ὅ
666 2428 778 2470 abest)
800 2430 886 2461 Veu.
1594 2452 1603 2464 ς
1624 2454 1660 2468 ,

447 2486 795 2532 Pag.162.12
821 2476 1686 2529 δηλονοτινειι-13έστὶνιοάῧ.’”

355 2540 413 2578 τὸν
447 2540 588 2578 ἐλθόντα
620 2544 703 2576 Ven.
732 2561 772 2568 —-
838 2542 860 2574 l.
886 2540 918 2575 4.
955 2540 1170 2577 κατελθόντα.
1226 2538 1373 2585 Ἐπειδὴ
1411 2526 1796 2587 dmum
1818 2540 1902 2573 Ven.

356 2599 449 2633 Idem
473 2599 496 2633 1.
516 2601 548 2634 5.
571 2598 611 2635 ἐκ
633 2611 824 2644 πνευματος
847 2598 886 2634 δὲ
910 2597 1049 2643 σαρκὸς,
1073 2599 1144 2632 siue
1163 2598 1232 2634 καὶ.
1259 2617 1301 2624 --
1343 2597 1419 2634 1.7-
1449 2597 1517 2642 τῆς
1535 2592 1826 2641 Imm}
1843 2593 1902 2633 τὸν

357 2652 485 2691 ἄνωθεν
507 2654 635 2700 φάσκει
652 2668 782 2700 ηκοντα
801 2657 886 2689 Ven.
905 2675 947 2681 —-
980 2656 1004 2689 1.
1028 2656 1062 2691 9.
1085 2654 1172 2698 σᾶρζ
1189 2654 1322 2700 γέγονεν
1340 2653 1382 2689 ἐκ
1398 2665 1589 2699 πνευματος
1608 2653 1694 2697 Ἄρ.
1718 2670 1762 2679 -
1806 2651 1828 2685 Ι.
1851 2654 1901 2687 11.

356 2708 443 2748 ἀλλὰ
463 2725 480 2748 0
503 2710 601 2758 λόγος
622 2726 639 2749 ο
658 2710 716 2749 ἀπ’
736 2715 819 2746 Ven.
846 2713 937 2746 ldem
958 2713 981 2746 l.
1000 2714 1052 2747 12.
1078 2710 1255 2756 θεότητα
1244 2709 1387 2755 ενότητα
1408 2708 1498 2746 κατὰ
1515 2706 1587 2747 δυν.
1608 2721 1644 2746 π.
1665 2708 1902 2754 συνηνωμένην

358 2768 454 2814 ἔχων,
476 2769 540 2804 ἵνα.
567 2789 607 2796 —-
643 2770 665 2803 1.
689 2771 740 2805 13.
763 2767 974 2810 ἀναλλῦωτος
996 2771 1082 2803 Ven.
1108 2788 1149 2795 -
1183 2766 1284 2803 1.14.
1310 2765 1359 2807 οἷς
1391 2766 1430 2803 τό
1462 2767 1586 2800 retinet
1605 2766 1688 2800 Ven.
1712 2784 1757 2791 —
1801 2765 1823 2799 1.
1848 2765 1899 2802 17.

356 2824 544 2869 προφήταις
556 2825 826 2871 προωνομάζεται
839 2827 918 2871 (εἰσ)
931 2828 1015 2860 Ven.
1030 2833 1132 2860 recte.
1156 2825 1248 2860 Idem
1262 2825 1363 2869 paulo
1378 2829 1458 2869 pont
1473 2818 1567 2860 οὔπω
1588 2820 1608 2858 o‘
1625 2821 1660 2858 ἰν
1679 2814 1819 2866 σαρκὶ’
1792 2834 1844 2868 ην-
1856 2841 1900 2850 --

357 2880 381 2913 l.
408 2882 458 2914 19.
481 2880 620 2926 ὀνόματι
641 2882 750 2929 τούτῳ
780 2884 883 2917 habet
904 2885 988 2917 Ven.
1011 2903 1056 2909 —
1102 2883 1194 2917 1..20
1227 2881 1299 2918 υἱὸν
1333 2877 1510 2925 ἀνθρωπου
1538 2875 1717 2914 ἀποκαλῶν
1744 2877 1783 2914 τό
1815 2877 1898 2924 πρὶν

356 2937 513 2981 γενέσθαι
528 2936 753 2984 ἀναθεωρῶν,
787 2939 846 2976 καὶ
874 2940 950 2984 πρὶν
981 2952 1040 2976 του
1074 2938 1109 2975 ἐν
1132 2938 1235 2983 σαρκὶ
1254 2938 1413 2984 γενέσθαι
1427 2934 1499 2972 υἱὸν
1522 2933 1700 2979 ἀνθρώπου
1720 2932 1898 2978 ἀποκαλῶν

357 2994 484 3037 optime
504 2996 615 3039 explet
646 2998 764 3030 Venet.
789 3017 831 3024 —-
876 2998 899 3031 l.
911 2997 967 3032 23.
990 3010 1032 3042 ην
1053 2995 1139 3040 σὰρξ
1160 2996 1247 3040 (sine
1266 2992 1309 3039 νζ)
1330 2995 1412 3028 Ven.
1461 2992 1553 3026 Idem
1581 2991 1604 3025 Ι.
1623 2992 1678 3026 25.
1703 2991 1795 3026 delet
1811 2991 1898 3026 effi-

358 3050 466 3083 culum
497 3059 575 3085 ante
610 3051 691 3092 θεὸς
720 3051 831 3096 ἰ’μῶν.
856 3073 898 3080 -
945 3054 967 3087 l.
990 3053 1046 3088 26.
1070 3052 1142 3088 Καὶ
1161 3053 1278 3092 καλῶς
1296 3052 1379 3086 ven.
1402 3068 1448 3076 —
1490 3049 1512 3084 1.
1531 3048 1587 3084 27.
1612 3047 1757 3094 πατέρες
1776 3047 1836 3091 καὶ
1858 3045 1897 3092 (ξ
