<?xml version="1.0" encoding="UTF-8"?>
<!DOCTYPE html PUBLIC "-//W3C//DTD XHTML 1.0 Transitional//EN"
    "http://www.w3.org/TR/xhtml1/DTD/xhtml1-transitional.dtd">
<html xmlns="http://www.w3.org/1999/xhtml" xml:lang="en" lang="en">
 <head>
  <title>
</title>
<meta http-equiv="Content-Type" content="text/html;charset=utf-8" />
  <meta name='ocr-system' content='tesseract 3.04.00' />
  <meta name='ocr-capabilities' content='ocr_page ocr_carea ocr_par ocr_line ocrx_word'/>
</head>
<body>
  <div class='ocr_page' id='page_1' title='image "./corporishaereseo23epip_0287.png"; bbox 0 0 2020 3276; ppageno 0'>
   <div class='ocr_carea' id='block_1_1' title="bbox 496 221 1715 265">
    <p class='ocr_par' dir='ltr' id='par_1_1' title="bbox 496 221 1715 265">
     <span class='ocr_line' id='line_1_1' title="bbox 496 221 1715 265; baseline -0.002 0"><span class='ocrx_word' id='word_1_1' title='bbox 496 229 683 265; x_wconf 62' lang='lat' dir='ltr'>Parum!</span> <span class='ocrx_word' id='word_1_2' title='bbox 705 230 788 264; x_wconf 76' lang='lat' dir='ltr'>ms.</span> <span class='ocrx_word' id='word_1_3' title='bbox 812 231 873 264; x_wconf 85' lang='lat' dir='ltr'>m.</span> <span class='ocrx_word' id='word_1_4' title='bbox 894 230 1006 265; x_wconf 70' lang='lat' dir='ltr'>Tou.</span> <span class='ocrx_word' id='word_1_5' title='bbox 1026 231 1052 264; x_wconf 88' lang='lat'>1.</span> <span class='ocrx_word' id='word_1_6' title='bbox 1074 230 1209 264; x_wconf 66' lang='lat' dir='ltr'>natm.</span> <span class='ocrx_word' id='word_1_7' title='bbox 1228 231 1390 265; x_wconf 78' lang='lat' dir='ltr'>Lxxvi.</span> <span class='ocrx_word' id='word_1_8' title='bbox 1632 221 1715 264; x_wconf 78' lang='lat'>275</span> 
     </span>
    </p>
   </div>
   <div class='ocr_carea' id='block_1_2' title="bbox 151 307 1724 2827">
    <p class='ocr_par' dir='ltr' id='par_1_2' title="bbox 151 307 1723 2348">
     <span class='ocr_line' id='line_1_2' title="bbox 163 307 1716 367; baseline -0.001 -15"><span class='ocrx_word' id='word_1_9' title='bbox 163 315 340 367; x_wconf 65' lang='lat' dir='ltr'>·-qua-</span> <span class='ocrx_word' id='word_1_10' title='bbox 373 308 447 352; x_wconf 87' lang='lat' dir='ltr'>boc</span> <span class='ocrx_word' id='word_1_11' title='bbox 481 309 720 352; x_wconf 84' lang='lat' dir='ltr'>asserueris.</span> <span class='ocrx_word' id='word_1_12' title='bbox 782 307 920 364; x_wconf 79' lang='lat' dir='ltr'>Quare</span> <span class='ocrx_word' id='word_1_13' title='bbox 952 324 1039 351; x_wconf 90' lang='lat' dir='ltr'>cum</span> <span class='ocrx_word' id='word_1_14' title='bbox 1077 311 1125 352; x_wconf 87' lang='lat' dir='ltr'>iis</span> <span class='ocrx_word' id='word_1_15' title='bbox 1159 325 1258 366; x_wconf 82' lang='lat' dir='ltr'>qnae</span> <span class='ocrx_word' id='word_1_16' title='bbox 1292 309 1518 367; x_wconf 86' lang='lat' dir='ltr'>procreavit</span> <span class='ocrx_word' id='word_1_17' title='bbox 1546 323 1569 351; x_wconf 94' lang='lat' dir='ltr'>e</span> <span class='ocrx_word' id='word_1_18' title='bbox 1595 309 1716 351; x_wconf 79' lang='lat' dir='ltr'>nihilo</span> 
     </span>
     <span class='ocr_line' id='line_1_3' title="bbox 163 377 1718 435; baseline -0.002 -13"><span class='ocrx_word' id='word_1_19' title='bbox 163 377 309 423; x_wconf 62' lang='lat' dir='ltr'>siniti·</span> <span class='ocrx_word' id='word_1_20' title='bbox 336 384 380 421; x_wconf 85' lang='lat' dir='ltr'>et</span> <span class='ocrx_word' id='word_1_21' title='bbox 406 378 583 435; x_wconf 80' lang='lat' dir='ltr'>aequalis</span> <span class='ocrx_word' id='word_1_22' title='bbox 611 391 701 420; x_wconf 86' lang='lat' dir='ltr'>esse</span> <span class='ocrx_word' id='word_1_23' title='bbox 733 385 924 433; x_wconf 83' lang='lat' dir='ltr'>nequeat,</span> <span class='ocrx_word' id='word_1_24' title='bbox 966 379 1103 419; x_wconf 89' lang='lat' dir='ltr'>eadem</span> <span class='ocrx_word' id='word_1_25' title='bbox 1136 393 1222 420; x_wconf 86' lang='lat' dir='ltr'>cnm</span> <span class='ocrx_word' id='word_1_26' title='bbox 1255 379 1316 421; x_wconf 92' lang='lat' dir='ltr'>sui</span> <span class='ocrx_word' id='word_1_27' title='bbox 1351 378 1603 422; x_wconf 77' lang='lat' dir='ltr'>dissimilibus</span> <span class='ocrx_word' id='word_1_28' title='bbox 1639 378 1718 434; x_wconf 89' lang='lat' dir='ltr'>pati</span> 
     </span>
     <span class='ocr_line' id='line_1_4' title="bbox 162 445 1718 503; baseline -0.001 -13"><span class='ocrx_word' id='word_1_29' title='bbox 162 445 277 499; x_wconf 63' lang='lat' dir='ltr'>natt-</span> <span class='ocrx_word' id='word_1_30' title='bbox 305 446 461 491; x_wconf 84' lang='lat' dir='ltr'>ratione</span> <span class='ocrx_word' id='word_1_31' title='bbox 495 446 664 503; x_wconf 78' lang='lat' dir='ltr'>poterit3</span> <span class='ocrx_word' id='word_1_32' title='bbox 707 446 848 502; x_wconf 83' lang='lat' dir='ltr'>quibus</span> <span class='ocrx_word' id='word_1_33' title='bbox 872 446 947 488; x_wconf 85' lang='lat' dir='ltr'>hoc</span> <span class='ocrx_word' id='word_1_34' title='bbox 973 447 1184 499; x_wconf 83' lang='lat' dir='ltr'>convenit,</span> <span class='ocrx_word' id='word_1_35' title='bbox 1229 454 1271 489; x_wconf 86' lang='lat' dir='ltr'>ut</span> <span class='ocrx_word' id='word_1_36' title='bbox 1292 461 1314 489; x_wconf 90' lang='lat' dir='ltr'>e</span> <span class='ocrx_word' id='word_1_37' title='bbox 1339 447 1458 490; x_wconf 84' lang='lat' dir='ltr'>nihilo</span> <span class='ocrx_word' id='word_1_38' title='bbox 1483 454 1560 489; x_wconf 82' lang='lat' dir='ltr'>tam</span> <span class='ocrx_word' id='word_1_39' title='bbox 1583 446 1631 488; x_wconf 87' lang='lat' dir='ltr'>ab</span> <span class='ocrx_word' id='word_1_40' title='bbox 1652 446 1718 488; x_wconf 93' lang='lat' dir='ltr'>illo</span> 
     </span>
     <span class='ocr_line' id='line_1_5' title="bbox 166 513 1716 573; baseline -0.001 -15"><span class='ocrx_word' id='word_1_41' title='bbox 166 513 255 573; x_wconf 84' lang='lat' dir='ltr'>ipsa</span> <span class='ocrx_word' id='word_1_42' title='bbox 277 515 466 572; x_wconf 79' lang='lat' dir='ltr'>producta</span> <span class='ocrx_word' id='word_1_43' title='bbox 487 515 592 567; x_wconf 87' lang='lat' dir='ltr'>sint,</span> <span class='ocrx_word' id='word_1_44' title='bbox 625 530 739 571; x_wconf 84' lang='lat' dir='ltr'>qnam</span> <span class='ocrx_word' id='word_1_45' title='bbox 761 528 863 570; x_wconf 83' lang='lat' dir='ltr'>qnae</span> <span class='ocrx_word' id='word_1_46' title='bbox 890 515 986 571; x_wconf 87' lang='lat' dir='ltr'>ipsis</span> <span class='ocrx_word' id='word_1_47' title='bbox 1012 515 1168 566; x_wconf 81' lang='lat' dir='ltr'>insunt,</span> <span class='ocrx_word' id='word_1_48' title='bbox 1202 516 1342 571; x_wconf 86' lang='lat' dir='ltr'>quibus</span> <span class='ocrx_word' id='word_1_49' title='bbox 1364 530 1435 572; x_wconf 90' lang='lat' dir='ltr'>per</span> <span class='ocrx_word' id='word_1_50' title='bbox 1458 515 1716 572; x_wconf 72' lang='lat' dir='ltr'>privationem</span> 
     </span>
     <span class='ocr_line' id='line_1_6' title="bbox 168 582 1715 640; baseline -0.001 -14"><span class='ocrx_word' id='word_1_51' title='bbox 168 583 351 626; x_wconf 79' lang='lat' dir='ltr'>accidunt</span> <span class='ocrx_word' id='word_1_52' title='bbox 385 582 600 625; x_wconf 81' lang='lat' dir='ltr'>contraria.</span> <span class='ocrx_word' id='word_1_53' title='bbox 663 582 774 625; x_wconf 84' lang='lat' dir='ltr'>Haec</span> <span class='ocrx_word' id='word_1_54' title='bbox 806 583 908 625; x_wconf 88' lang='lat' dir='ltr'>enim</span> <span class='ocrx_word' id='word_1_55' title='bbox 944 583 1074 624; x_wconf 89' lang='lat' dir='ltr'>omnia</span> <span class='ocrx_word' id='word_1_56' title='bbox 1103 583 1261 625; x_wconf 87' lang='lat' dir='ltr'>minime</span> <span class='ocrx_word' id='word_1_57' title='bbox 1297 598 1320 626; x_wconf 91' lang='lat' dir='ltr'>a</span> <span class='ocrx_word' id='word_1_58' title='bbox 1349 584 1492 640; x_wconf 89' lang='lat' dir='ltr'>seipsis</span> <span class='ocrx_word' id='word_1_59' title='bbox 1522 583 1715 635; x_wconf 76' lang='lat' dir='ltr'>existunt,</span> 
     </span>
     <span class='ocr_line' id='line_1_7' title="bbox 163 651 1719 708; baseline -0.003 -12"><span class='ocrx_word' id='word_1_60' title='bbox 163 652 241 696; x_wconf 63' lang='lat' dir='ltr'>ted</span> <span class='ocrx_word' id='word_1_61' title='bbox 258 665 312 696; x_wconf 82' lang='lat' dir='ltr'>cx</span> <span class='ocrx_word' id='word_1_62' title='bbox 338 651 507 707; x_wconf 70' lang='lat' dir='ltr'>benigna</span> <span class='ocrx_word' id='word_1_63' title='bbox 528 651 657 694; x_wconf 82' lang='lat' dir='ltr'>dantis</span> <span class='ocrx_word' id='word_1_64' title='bbox 680 651 915 707; x_wconf 76' lang='lat' dir='ltr'>largitione3</span> <span class='ocrx_word' id='word_1_65' title='bbox 958 651 1098 707; x_wconf 86' lang='lat' dir='ltr'>quibus</span> <span class='ocrx_word' id='word_1_66' title='bbox 1130 651 1248 693; x_wconf 85' lang='lat' dir='ltr'>etiam</span> <span class='ocrx_word' id='word_1_67' title='bbox 1279 659 1411 708; x_wconf 88' lang='lat' dir='ltr'>utpote</span> <span class='ocrx_word' id='word_1_68' title='bbox 1435 666 1456 693; x_wconf 92' lang='lat' dir='ltr'>e</span> <span class='ocrx_word' id='word_1_69' title='bbox 1480 652 1600 693; x_wconf 80' lang='lat' dir='ltr'>nihilo</span> <span class='ocrx_word' id='word_1_70' title='bbox 1629 666 1719 708; x_wconf 90' lang='lat' dir='ltr'>pro-</span> 
     </span>
     <span class='ocr_line' id='line_1_8' title="bbox 167 719 1719 776; baseline -0.003 -11"><span class='ocrx_word' id='word_1_71' title='bbox 167 719 398 776; x_wconf 63' lang='lat' dir='ltr'>daethpati</span> <span class='ocrx_word' id='word_1_72' title='bbox 426 719 570 776; x_wconf 83' lang='lat' dir='ltr'>aliquid</span> <span class='ocrx_word' id='word_1_73' title='bbox 595 720 811 775; x_wconf 80' lang='lat' dir='ltr'>contingit,</span> <span class='ocrx_word' id='word_1_74' title='bbox 854 734 942 762; x_wconf 87' lang='lat' dir='ltr'>cum</span> <span class='ocrx_word' id='word_1_75' title='bbox 969 720 1017 762; x_wconf 90' lang='lat' dir='ltr'>iis</span> <span class='ocrx_word' id='word_1_76' title='bbox 1044 720 1139 776; x_wconf 84' lang='lat' dir='ltr'>ipsis</span> <span class='ocrx_word' id='word_1_77' title='bbox 1163 720 1281 762; x_wconf 89' lang='lat' dir='ltr'>rebus</span> <span class='ocrx_word' id='word_1_78' title='bbox 1306 721 1532 776; x_wconf 76' lang='lat' dir='ltr'>privantur,</span> <span class='ocrx_word' id='word_1_79' title='bbox 1573 733 1674 776; x_wconf 91' lang='lat' dir='ltr'>quae</span> <span class='ocrx_word' id='word_1_80' title='bbox 1695 734 1719 761; x_wconf 86' lang='lat' dir='ltr'>a</span> 
     </span>
     <span class='ocr_line' id='line_1_9' title="bbox 166 788 1716 846; baseline -0.001 -14"><span class='ocrx_word' id='word_1_81' title='bbox 166 788 359 846; x_wconf 64' lang='lat' dir='ltr'>largitore</span> <span class='ocrx_word' id='word_1_82' title='bbox 387 788 454 831; x_wconf 84' lang='lat' dir='ltr'>itto</span> <span class='ocrx_word' id='word_1_83' title='bbox 476 788 788 830; x_wconf 68' lang='lat' dir='ltr'>communicatae</span> <span class='ocrx_word' id='word_1_84' title='bbox 821 789 1000 841; x_wconf 78' lang='lat' dir='ltr'>fuerant3</span> <span class='ocrx_word' id='word_1_85' title='bbox 1046 789 1110 844; x_wconf 85' lang='lat' dir='ltr'>qui</span> <span class='ocrx_word' id='word_1_86' title='bbox 1134 802 1262 844; x_wconf 86' lang='lat' dir='ltr'>neque</span> <span class='ocrx_word' id='word_1_87' title='bbox 1287 789 1365 845; x_wconf 88' lang='lat' dir='ltr'>pati</span> <span class='ocrx_word' id='word_1_88' title='bbox 1390 789 1533 844; x_wconf 87' lang='lat' dir='ltr'>aliquid</span> <span class='ocrx_word' id='word_1_89' title='bbox 1571 795 1716 845; x_wconf 85' lang='lat' dir='ltr'>potest,</span> 
     </span>
     <span class='ocr_line' id='line_1_10' title="bbox 168 855 1719 913; baseline -0.001 -13"><span class='ocrx_word' id='word_1_90' title='bbox 168 863 214 900; x_wconf 77' lang='lat' dir='ltr'>et</span> <span class='ocrx_word' id='word_1_91' title='bbox 229 871 254 900; x_wconf 78' lang='lat' dir='ltr'>a</span> <span class='ocrx_word' id='word_1_92' title='bbox 274 857 380 900; x_wconf 80' lang='lat' dir='ltr'>nullo</span> <span class='ocrx_word' id='word_1_93' title='bbox 401 856 480 900; x_wconf 90' lang='lat' dir='ltr'>alio</span> <span class='ocrx_word' id='word_1_94' title='bbox 502 856 618 899; x_wconf 79' lang='lat' dir='ltr'>habet</span> <span class='ocrx_word' id='word_1_95' title='bbox 640 863 683 899; x_wconf 89' lang='lat' dir='ltr'>nt</span> <span class='ocrx_word' id='word_1_96' title='bbox 701 856 777 908; x_wconf 86' lang='lat' dir='ltr'>sit,</span> <span class='ocrx_word' id='word_1_97' title='bbox 822 870 950 912; x_wconf 89' lang='lat' dir='ltr'>neque</span> <span class='ocrx_word' id='word_1_98' title='bbox 985 857 1131 913; x_wconf 91' lang='lat' dir='ltr'>privari</span> <span class='ocrx_word' id='word_1_99' title='bbox 1161 857 1239 899; x_wconf 91' lang='lat' dir='ltr'>ullo</span> <span class='ocrx_word' id='word_1_100' title='bbox 1263 857 1378 899; x_wconf 89' lang='lat' dir='ltr'>modo</span> <span class='ocrx_word' id='word_1_101' title='bbox 1406 863 1550 912; x_wconf 86' lang='lat' dir='ltr'>potest.</span> <span class='ocrx_word' id='word_1_102' title='bbox 1612 855 1719 911; x_wconf 84' lang='lat' dir='ltr'>Qua-</span> 
     </span>
     <span class='ocr_line' id='line_1_11' title="bbox 168 924 1719 983; baseline -0.002 -14"><span class='ocrx_word' id='word_1_103' title='bbox 168 932 330 983; x_wconf 72' lang='lat' dir='ltr'>propter</span> <span class='ocrx_word' id='word_1_104' title='bbox 347 938 436 968; x_wconf 87' lang='lat' dir='ltr'>cum</span> <span class='ocrx_word' id='word_1_105' title='bbox 455 925 632 982; x_wconf 85' lang='lat' dir='ltr'>aequalis</span> <span class='ocrx_word' id='word_1_106' title='bbox 655 924 732 967; x_wconf 90' lang='lat' dir='ltr'>illis</span> <span class='ocrx_word' id='word_1_107' title='bbox 758 939 835 967; x_wconf 90' lang='lat' dir='ltr'>non</span> <span class='ocrx_word' id='word_1_108' title='bbox 860 925 912 967; x_wconf 90' lang='lat' dir='ltr'>sit</span> <span class='ocrx_word' id='word_1_109' title='bbox 933 925 1059 978; x_wconf 87' lang='lat' dir='ltr'>lilius,</span> <span class='ocrx_word' id='word_1_110' title='bbox 1099 924 1152 967; x_wconf 89' lang='lat' dir='ltr'>uti</span> <span class='ocrx_word' id='word_1_111' title='bbox 1175 940 1302 982; x_wconf 89' lang='lat' dir='ltr'>neque</span> <span class='ocrx_word' id='word_1_112' title='bbox 1323 932 1458 982; x_wconf 82' lang='lat' dir='ltr'>pater,</span> <span class='ocrx_word' id='word_1_113' title='bbox 1491 939 1617 980; x_wconf 92' lang='lat' dir='ltr'>neque</span> <span class='ocrx_word' id='word_1_114' title='bbox 1640 925 1719 981; x_wconf 91' lang='lat' dir='ltr'>spi-</span> 
     </span>
     <span class='ocr_line' id='line_1_12' title="bbox 169 993 1720 1050; baseline -0.004 -10"><span class='ocrx_word' id='word_1_115' title='bbox 169 993 269 1040; x_wconf 68' lang='lat' dir='ltr'>ritu</span> <span class='ocrx_word' id='word_1_116' title='bbox 291 1001 477 1047; x_wconf 73' lang='lat' dir='ltr'>noctus,</span> <span class='ocrx_word' id='word_1_117' title='bbox 517 1008 564 1036; x_wconf 90' lang='lat' dir='ltr'>ac</span> <span class='ocrx_word' id='word_1_118' title='bbox 586 993 768 1036; x_wconf 79' lang='lat' dir='ltr'>diversus</span> <span class='ocrx_word' id='word_1_119' title='bbox 790 994 843 1036; x_wconf 90' lang='lat' dir='ltr'>sit</span> <span class='ocrx_word' id='word_1_120' title='bbox 863 993 912 1036; x_wconf 87' lang='lat' dir='ltr'>ab</span> <span class='ocrx_word' id='word_1_121' title='bbox 938 994 1027 1036; x_wconf 86' lang='lat' dir='ltr'>istis</span> <span class='ocrx_word' id='word_1_122' title='bbox 1050 994 1175 1046; x_wconf 83' lang='lat' dir='ltr'>lilius,</span> <span class='ocrx_word' id='word_1_123' title='bbox 1218 994 1359 1050; x_wconf 86' lang='lat' dir='ltr'>quibus</span> <span class='ocrx_word' id='word_1_124' title='bbox 1385 1007 1472 1035; x_wconf 88' lang='lat' dir='ltr'>cum</span> <span class='ocrx_word' id='word_1_125' title='bbox 1494 994 1630 1036; x_wconf 88' lang='lat' dir='ltr'>eadem</span> <span class='ocrx_word' id='word_1_126' title='bbox 1652 1007 1720 1049; x_wconf 88' lang='lat' dir='ltr'>ap-</span> 
     </span>
     <span class='ocr_line' id='line_1_13' title="bbox 167 1061 1720 1120; baseline -0.002 -14"><span class='ocrx_word' id='word_1_127' title='bbox 167 1061 380 1120; x_wconf 67' lang='lat' dir='ltr'>pellatione</span> <span class='ocrx_word' id='word_1_128' title='bbox 410 1062 570 1105; x_wconf 87' lang='lat' dir='ltr'>minime</span> <span class='ocrx_word' id='word_1_129' title='bbox 602 1062 853 1114; x_wconf 68' lang='lat' dir='ltr'>continetur,</span> <span class='ocrx_word' id='word_1_130' title='bbox 893 1062 964 1105; x_wconf 82' lang='lat' dir='ltr'>sed</span> <span class='ocrx_word' id='word_1_131' title='bbox 994 1062 1181 1105; x_wconf 83' lang='lat' dir='ltr'>eximium</span> <span class='ocrx_word' id='word_1_132' title='bbox 1209 1077 1352 1104; x_wconf 90' lang='lat' dir='ltr'>nomen</span> <span class='ocrx_word' id='word_1_133' title='bbox 1387 1061 1564 1104; x_wconf 81' lang='lat' dir='ltr'>habetet</span> <span class='ocrx_word' id='word_1_134' title='bbox 1585 1062 1720 1103; x_wconf 79' lang='lat' dir='ltr'>excel-</span> 
     </span>
     <span class='ocr_line' id='line_1_14' title="bbox 168 1129 1722 1188; baseline -0.002 -14"><span class='ocrx_word' id='word_1_135' title='bbox 168 1129 280 1183; x_wconf 75' lang='lat' dir='ltr'>lens,</span> <span class='ocrx_word' id='word_1_136' title='bbox 323 1138 367 1174; x_wconf 81' lang='lat' dir='ltr'>ut</span> <span class='ocrx_word' id='word_1_137' title='bbox 386 1130 595 1187; x_wconf 85' lang='lat' dir='ltr'>ipsummet</span> <span class='ocrx_word' id='word_1_138' title='bbox 626 1130 768 1173; x_wconf 90' lang='lat' dir='ltr'>bonum</span> <span class='ocrx_word' id='word_1_139' title='bbox 802 1130 852 1172; x_wconf 92' lang='lat' dir='ltr'>ab</span> <span class='ocrx_word' id='word_1_140' title='bbox 875 1144 924 1173; x_wconf 87' lang='lat' dir='ltr'>eo</span> <span class='ocrx_word' id='word_1_141' title='bbox 954 1131 1018 1187; x_wconf 81' lang='lat' dir='ltr'>qni</span> <span class='ocrx_word' id='word_1_142' title='bbox 1049 1131 1258 1187; x_wconf 87' lang='lat' dir='ltr'>ipsummet</span> <span class='ocrx_word' id='word_1_143' title='bbox 1292 1131 1453 1188; x_wconf 81' lang='lat' dir='ltr'>perinde</span> <span class='ocrx_word' id='word_1_144' title='bbox 1482 1130 1627 1172; x_wconf 89' lang='lat' dir='ltr'>bonum</span> <span class='ocrx_word' id='word_1_145' title='bbox 1660 1138 1722 1172; x_wconf 87' lang='lat' dir='ltr'>est</span> 
     </span>
     <span class='ocr_line' id='line_1_15' title="bbox 171 1198 1721 1257; baseline -0.003 -14"><span class='ocrx_word' id='word_1_146' title='bbox 171 1200 390 1257; x_wconf 66' lang='lat' dir='ltr'>protectum</span> <span class='ocrx_word' id='word_1_147' title='bbox 413 1199 589 1250; x_wconf 79' lang='lat' dir='ltr'>dicatur,</span> <span class='ocrx_word' id='word_1_148' title='bbox 632 1212 822 1255; x_wconf 84' lang='lat' dir='ltr'>quaenam</span> <span class='ocrx_word' id='word_1_149' title='bbox 845 1212 936 1241; x_wconf 83' lang='lat' dir='ltr'>esse</span> <span class='ocrx_word' id='word_1_150' title='bbox 956 1206 1087 1256; x_wconf 88' lang='lat' dir='ltr'>potest</span> <span class='ocrx_word' id='word_1_151' title='bbox 1112 1212 1200 1242; x_wconf 90' lang='lat' dir='ltr'>cum</span> <span class='ocrx_word' id='word_1_152' title='bbox 1232 1199 1280 1241; x_wconf 88' lang='lat' dir='ltr'>iis</span> <span class='ocrx_word' id='word_1_153' title='bbox 1303 1214 1403 1256; x_wconf 89' lang='lat' dir='ltr'>qnae</span> <span class='ocrx_word' id='word_1_154' title='bbox 1427 1198 1644 1256; x_wconf 90' lang='lat' dir='ltr'>oppositam</span> <span class='ocrx_word' id='word_1_155' title='bbox 1669 1212 1721 1240; x_wconf 84' lang='lat' dir='ltr'>ex</span> 
     </span>
     <span class='ocr_line' id='line_1_16' title="bbox 170 1266 1722 1324; baseline -0.003 -12"><span class='ocrx_word' id='word_1_156' title='bbox 170 1267 341 1312; x_wconf 61' lang='lat' dir='ltr'>“verso</span> <span class='ocrx_word' id='word_1_157' title='bbox 380 1267 639 1324; x_wconf 78' lang='lat' dir='ltr'>privationem</span> <span class='ocrx_word' id='word_1_158' title='bbox 673 1267 817 1309; x_wconf 78' lang='lat' dir='ltr'>liabent</span> <span class='ocrx_word' id='word_1_159' title='bbox 851 1267 1098 1310; x_wconf 74' lang='lat' dir='ltr'>commistio?</span> <span class='ocrx_word' id='word_1_160' title='bbox 1171 1266 1478 1324; x_wconf 85' lang='lat' dir='ltr'>Supervacanea</span> <span class='ocrx_word' id='word_1_161' title='bbox 1510 1267 1632 1323; x_wconf 83' lang='lat' dir='ltr'>igitur</span> <span class='ocrx_word' id='word_1_162' title='bbox 1660 1274 1722 1309; x_wconf 90' lang='lat' dir='ltr'>est</span> 
     </span>
     <span class='ocr_line' id='line_1_17' title="bbox 169 1335 1723 1392; baseline -0.003 -12"><span class='ocrx_word' id='word_1_163' title='bbox 169 1335 282 1380; x_wconf 65' lang='lat' dir='ltr'>Astii</span> <span class='ocrx_word' id='word_1_164' title='bbox 300 1335 558 1392; x_wconf 71' lang='lat' dir='ltr'>privationem</span> <span class='ocrx_word' id='word_1_165' title='bbox 591 1335 704 1377; x_wconf 89' lang='lat' dir='ltr'>nobis</span> <span class='ocrx_word' id='word_1_166' title='bbox 736 1335 959 1390; x_wconf 81' lang='lat' dir='ltr'>invehentis</span> <span class='ocrx_word' id='word_1_167' title='bbox 992 1335 1136 1378; x_wconf 85' lang='lat' dir='ltr'>oratio.</span> <span class='ocrx_word' id='word_1_168' title='bbox 1196 1335 1302 1379; x_wconf 88' lang='lat' dir='ltr'>Nam</span> <span class='ocrx_word' id='word_1_169' title='bbox 1329 1337 1528 1392; x_wconf 82' lang='lat' dir='ltr'>ingenitus</span> <span class='ocrx_word' id='word_1_170' title='bbox 1558 1335 1655 1377; x_wconf 84' lang='lat' dir='ltr'>(leus</span> <span class='ocrx_word' id='word_1_171' title='bbox 1675 1349 1723 1376; x_wconf 90' lang='lat' dir='ltr'>ac</span> 
     </span>
     <span class='ocr_line' id='line_1_18' title="bbox 169 1403 1723 1461; baseline -0.002 -14"><span class='ocrx_word' id='word_1_172' title='bbox 169 1404 329 1461; x_wconf 63' lang='lat' dir='ltr'>genitus</span> <span class='ocrx_word' id='word_1_173' title='bbox 352 1404 454 1447; x_wconf 79' lang='lat' dir='ltr'>filius</span> <span class='ocrx_word' id='word_1_174' title='bbox 479 1418 556 1445; x_wconf 89' lang='lat' dir='ltr'>non</span> <span class='ocrx_word' id='word_1_175' title='bbox 579 1418 632 1445; x_wconf 82' lang='lat' dir='ltr'>ex</span> <span class='ocrx_word' id='word_1_176' title='bbox 655 1411 875 1446; x_wconf 86' lang='lat' dir='ltr'>creatarum</span> <span class='ocrx_word' id='word_1_177' title='bbox 900 1418 1030 1446; x_wconf 88' lang='lat' dir='ltr'>rerum</span> <span class='ocrx_word' id='word_1_178' title='bbox 1051 1405 1269 1460; x_wconf 89' lang='lat' dir='ltr'>privatione</span> <span class='ocrx_word' id='word_1_179' title='bbox 1291 1405 1520 1460; x_wconf 79' lang='lat' dir='ltr'>(lignitatem</span> <span class='ocrx_word' id='word_1_180' title='bbox 1544 1403 1723 1446; x_wconf 83' lang='lat' dir='ltr'>obtinent</span> 
     </span>
     <span class='ocr_line' id='line_1_19' title="bbox 169 1471 1721 1529; baseline -0.002 -13"><span class='ocrx_word' id='word_1_181' title='bbox 169 1480 306 1524; x_wconf 66' lang='lat' dir='ltr'>mm,</span> <span class='ocrx_word' id='word_1_182' title='bbox 347 1473 417 1515; x_wconf 84' lang='lat' dir='ltr'>sed</span> <span class='ocrx_word' id='word_1_183' title='bbox 445 1486 497 1514; x_wconf 87' lang='lat' dir='ltr'>cx</span> <span class='ocrx_word' id='word_1_184' title='bbox 524 1485 573 1513; x_wconf 88' lang='lat' dir='ltr'>eo</span> <span class='ocrx_word' id='word_1_185' title='bbox 599 1473 702 1528; x_wconf 87' lang='lat' dir='ltr'>qnod</span> <span class='ocrx_word' id='word_1_186' title='bbox 724 1479 866 1529; x_wconf 88' lang='lat' dir='ltr'>sponte</span> <span class='ocrx_word' id='word_1_187' title='bbox 891 1486 989 1525; x_wconf 87' lang='lat' dir='ltr'>sna,</span> <span class='ocrx_word' id='word_1_188' title='bbox 1034 1474 1307 1529; x_wconf 81' lang='lat' dir='ltr'>peculiariter,</span> <span class='ocrx_word' id='word_1_189' title='bbox 1352 1487 1399 1515; x_wconf 83' lang='lat' dir='ltr'>ac</span> <span class='ocrx_word' id='word_1_190' title='bbox 1423 1486 1494 1529; x_wconf 86' lang='lat' dir='ltr'>per</span> <span class='ocrx_word' id='word_1_191' title='bbox 1515 1485 1605 1514; x_wconf 84' lang='lat' dir='ltr'>sese</span> <span class='ocrx_word' id='word_1_192' title='bbox 1629 1471 1721 1514; x_wconf 89' lang='lat' dir='ltr'>sub-</span> 
     </span>
     <span class='ocr_line' id='line_1_20' title="bbox 169 1539 1723 1598; baseline -0.002 -14"><span class='ocrx_word' id='word_1_193' title='bbox 169 1540 337 1584; x_wconf 69' lang='lat' dir='ltr'>stantiae</span> <span class='ocrx_word' id='word_1_194' title='bbox 366 1554 463 1583; x_wconf 79' lang='lat' dir='ltr'>suae</span> <span class='ocrx_word' id='word_1_195' title='bbox 498 1539 769 1598; x_wconf 82' lang='lat' dir='ltr'>divinitatique</span> <span class='ocrx_word' id='word_1_196' title='bbox 803 1541 999 1596; x_wconf 83' lang='lat' dir='ltr'>congruit.</span> <span class='ocrx_word' id='word_1_197' title='bbox 1074 1539 1133 1583; x_wconf 88' lang='lat' dir='ltr'>lta</span> <span class='ocrx_word' id='word_1_198' title='bbox 1168 1556 1254 1584; x_wconf 88' lang='lat' dir='ltr'>cnm</span> <span class='ocrx_word' id='word_1_199' title='bbox 1287 1555 1435 1596; x_wconf 82' lang='lat' dir='ltr'>expers</span> <span class='ocrx_word' id='word_1_200' title='bbox 1466 1540 1549 1582; x_wconf 90' lang='lat' dir='ltr'>irae</span> <span class='ocrx_word' id='word_1_201' title='bbox 1580 1540 1723 1582; x_wconf 85' lang='lat' dir='ltr'>dicitur</span> 
     </span>
     <span class='ocr_line' id='line_1_21' title="bbox 169 1608 1722 1666; baseline -0.002 -13"><span class='ocrx_word' id='word_1_202' title='bbox 169 1609 292 1662; x_wconf 74' lang='lat' dir='ltr'>deus,</span> <span class='ocrx_word' id='word_1_203' title='bbox 338 1623 416 1651; x_wconf 87' lang='lat' dir='ltr'>non</span> <span class='ocrx_word' id='word_1_204' title='bbox 442 1608 480 1650; x_wconf 86' lang='lat' dir='ltr'>id</span> <span class='ocrx_word' id='word_1_205' title='bbox 506 1608 554 1651; x_wconf 91' lang='lat' dir='ltr'>ab</span> <span class='ocrx_word' id='word_1_206' title='bbox 586 1609 645 1651; x_wconf 90' lang='lat' dir='ltr'>ira</span> <span class='ocrx_word' id='word_1_207' title='bbox 668 1608 752 1665; x_wconf 89' lang='lat' dir='ltr'>ipsa</span> <span class='ocrx_word' id='word_1_208' title='bbox 782 1610 948 1666; x_wconf 89' lang='lat' dir='ltr'>petitur,</span> <span class='ocrx_word' id='word_1_209' title='bbox 991 1609 1061 1651; x_wconf 87' lang='lat' dir='ltr'>sed</span> <span class='ocrx_word' id='word_1_210' title='bbox 1083 1624 1136 1652; x_wconf 76' lang='lat' dir='ltr'>ex</span> <span class='ocrx_word' id='word_1_211' title='bbox 1158 1624 1208 1652; x_wconf 91' lang='lat' dir='ltr'>eo</span> <span class='ocrx_word' id='word_1_212' title='bbox 1231 1610 1332 1666; x_wconf 86' lang='lat' dir='ltr'>quod</span> <span class='ocrx_word' id='word_1_213' title='bbox 1359 1609 1419 1651; x_wconf 88' lang='lat' dir='ltr'>ira</span> <span class='ocrx_word' id='word_1_214' title='bbox 1443 1622 1513 1666; x_wconf 86' lang='lat' dir='ltr'>per</span> <span class='ocrx_word' id='word_1_215' title='bbox 1538 1622 1630 1651; x_wconf 87' lang='lat' dir='ltr'>sese</span> <span class='ocrx_word' id='word_1_216' title='bbox 1652 1622 1722 1650; x_wconf 87' lang='lat' dir='ltr'>va·</span> 
     </span>
     <span class='ocr_line' id='line_1_22' title="bbox 151 1674 1723 1734; baseline -0.002 -12"><span class='ocrx_word' id='word_1_217' title='bbox 151 1684 250 1722; x_wconf 57' lang='lat' dir='ltr'>sat.</span> <span class='ocrx_word' id='word_1_218' title='bbox 313 1674 383 1721; x_wconf 87' lang='lat' dir='ltr'>Sic</span> <span class='ocrx_word' id='word_1_219' title='bbox 401 1677 534 1734; x_wconf 71' lang='lat' dir='ltr'>⁸etiam</span> <span class='ocrx_word' id='word_1_220' title='bbox 566 1677 765 1733; x_wconf 86' lang='lat' dir='ltr'>ingenitus</span> <span class='ocrx_word' id='word_1_221' title='bbox 795 1677 1036 1734; x_wconf 88' lang='lat' dir='ltr'>appellatur,</span> <span class='ocrx_word' id='word_1_222' title='bbox 1082 1678 1183 1733; x_wconf 87' lang='lat' dir='ltr'>quod</span> <span class='ocrx_word' id='word_1_223' title='bbox 1210 1678 1361 1720; x_wconf 86' lang='lat' dir='ltr'>existat</span> <span class='ocrx_word' id='word_1_224' title='bbox 1384 1692 1407 1719; x_wconf 94' lang='lat' dir='ltr'>a</span> <span class='ocrx_word' id='word_1_225' title='bbox 1430 1676 1588 1734; x_wconf 87' lang='lat' dir='ltr'>seipso,</span> <span class='ocrx_word' id='word_1_226' title='bbox 1629 1677 1723 1719; x_wconf 86' lang='lat' dir='ltr'>licet</span> 
     </span>
     <span class='ocr_line' id='line_1_23' title="bbox 170 1744 1722 1802; baseline -0.003 -11"><span class='ocrx_word' id='word_1_227' title='bbox 170 1745 377 1791; x_wconf 71' lang='lat' dir='ltr'>abeodem</span> <span class='ocrx_word' id='word_1_228' title='bbox 408 1745 584 1801; x_wconf 70' lang='lat' dir='ltr'>ingenito</span> <span class='ocrx_word' id='word_1_229' title='bbox 613 1745 715 1788; x_wconf 84' lang='lat' dir='ltr'>lilius</span> <span class='ocrx_word' id='word_1_230' title='bbox 747 1746 800 1789; x_wconf 83' lang='lat' dir='ltr'>sit</span> <span class='ocrx_word' id='word_1_231' title='bbox 826 1746 911 1802; x_wconf 87' lang='lat' dir='ltr'>ipse</span> <span class='ocrx_word' id='word_1_232' title='bbox 938 1747 1110 1802; x_wconf 82' lang='lat' dir='ltr'>genitus.</span> <span class='ocrx_word' id='word_1_233' title='bbox 1175 1744 1309 1802; x_wconf 87' lang='lat' dir='ltr'>ltaque</span> <span class='ocrx_word' id='word_1_234' title='bbox 1340 1747 1487 1788; x_wconf 78' lang='lat' dir='ltr'>frustra</span> <span class='ocrx_word' id='word_1_235' title='bbox 1520 1752 1583 1787; x_wconf 83' lang='lat' dir='ltr'>est</span> <span class='ocrx_word' id='word_1_236' title='bbox 1604 1759 1722 1802; x_wconf 90' lang='lat' dir='ltr'>appo-</span> 
     </span>
     <span class='ocr_line' id='line_1_24' title="bbox 169 1813 1722 1871; baseline -0.003 -12"><span class='ocrx_word' id='word_1_237' title='bbox 169 1813 247 1859; x_wconf 72' lang='lat' dir='ltr'>nit·</span> <span class='ocrx_word' id='word_1_238' title='bbox 264 1813 330 1856; x_wconf 86' lang='lat' dir='ltr'>illa</span> <span class='ocrx_word' id='word_1_239' title='bbox 353 1813 546 1857; x_wconf 84' lang='lat' dir='ltr'>vocabulo</span> <span class='ocrx_word' id='word_1_240' title='bbox 579 1814 762 1870; x_wconf 80' lang='lat' dir='ltr'>negatio,</span> <span class='ocrx_word' id='word_1_241' title='bbox 807 1829 895 1857; x_wconf 90' lang='lat' dir='ltr'>cnm</span> <span class='ocrx_word' id='word_1_242' title='bbox 921 1815 968 1857; x_wconf 85' lang='lat' dir='ltr'>ad</span> <span class='ocrx_word' id='word_1_243' title='bbox 993 1828 1081 1856; x_wconf 91' lang='lat' dir='ltr'>eum</span> <span class='ocrx_word' id='word_1_244' title='bbox 1107 1815 1346 1857; x_wconf 78' lang='lat' dir='ltr'>transfertur</span> <span class='ocrx_word' id='word_1_245' title='bbox 1375 1814 1440 1871; x_wconf 89' lang='lat' dir='ltr'>qui</span> <span class='ocrx_word' id='word_1_246' title='bbox 1463 1828 1551 1856; x_wconf 89' lang='lat' dir='ltr'>cum</span> <span class='ocrx_word' id='word_1_247' title='bbox 1576 1814 1722 1856; x_wconf 83' lang='lat' dir='ltr'>ceteris</span> 
     </span>
     <span class='ocr_line' id='line_1_25' title="bbox 172 1882 1723 1940; baseline -0.002 -13"><span class='ocrx_word' id='word_1_248' title='bbox 172 1882 237 1927; x_wconf 74' lang='lat' dir='ltr'>vel</span> <span class='ocrx_word' id='word_1_249' title='bbox 259 1896 315 1926; x_wconf 81' lang='lat' dir='ltr'>ex</span> <span class='ocrx_word' id='word_1_250' title='bbox 337 1882 461 1940; x_wconf 83' lang='lat' dir='ltr'>ipsius</span> <span class='ocrx_word' id='word_1_251' title='bbox 482 1882 546 1938; x_wconf 88' lang='lat' dir='ltr'>qui</span> <span class='ocrx_word' id='word_1_252' title='bbox 571 1883 809 1925; x_wconf 86' lang='lat' dir='ltr'>mentionem</span> <span class='ocrx_word' id='word_1_253' title='bbox 835 1882 948 1925; x_wconf 87' lang='lat' dir='ltr'>huius</span> <span class='ocrx_word' id='word_1_254' title='bbox 980 1883 1071 1925; x_wconf 80' lang='lat' dir='ltr'>fecit</span> <span class='ocrx_word' id='word_1_255' title='bbox 1094 1882 1278 1940; x_wconf 87' lang='lat' dir='ltr'>opinione</span> <span class='ocrx_word' id='word_1_256' title='bbox 1309 1882 1529 1940; x_wconf 89' lang='lat' dir='ltr'>comparari</span> <span class='ocrx_word' id='word_1_257' title='bbox 1551 1896 1629 1924; x_wconf 92' lang='lat' dir='ltr'>non</span> <span class='ocrx_word' id='word_1_258' title='bbox 1655 1896 1723 1937; x_wconf 92' lang='lat' dir='ltr'>po-</span> 
     </span>
     <span class='ocr_line' id='line_1_26' title="bbox 169 1948 1722 2008; baseline -0.002 -13"><span class='ocrx_word' id='word_1_259' title='bbox 169 1957 265 1995; x_wconf 69' lang='lat' dir='ltr'>test.</span> <span class='ocrx_word' id='word_1_260' title='bbox 309 1948 407 1993; x_wconf 80' lang='lat' dir='ltr'>Non</span> <span class='ocrx_word' id='word_1_261' title='bbox 431 1950 536 1992; x_wconf 90' lang='lat' dir='ltr'>enim</span> <span class='ocrx_word' id='word_1_262' title='bbox 560 1957 694 1994; x_wconf 87' lang='lat' dir='ltr'>cetera</span> <span class='ocrx_word' id='word_1_263' title='bbox 715 1951 925 2007; x_wconf 79' lang='lat' dir='ltr'>adaequari</span> <span class='ocrx_word' id='word_1_264' title='bbox 947 1965 1034 1993; x_wconf 89' lang='lat' dir='ltr'>cum</span> <span class='ocrx_word' id='word_1_265' title='bbox 1054 1951 1190 2007; x_wconf 81' lang='lat' dir='ltr'>genito</span> <span class='ocrx_word' id='word_1_266' title='bbox 1213 1958 1393 2008; x_wconf 79' lang='lat' dir='ltr'>possunt,</span> <span class='ocrx_word' id='word_1_267' title='bbox 1427 1965 1500 1993; x_wconf 89' lang='lat' dir='ltr'>nec</span> <span class='ocrx_word' id='word_1_268' title='bbox 1523 1950 1722 2006; x_wconf 85' lang='lat' dir='ltr'>ingenitus</span> 
     </span>
     <span class='ocr_line' id='line_1_27' title="bbox 171 2017 1722 2075; baseline -0.002 -12"><span class='ocrx_word' id='word_1_269' title='bbox 171 2032 285 2063; x_wconf 71' lang='lat' dir='ltr'>suam</span> <span class='ocrx_word' id='word_1_270' title='bbox 306 2032 396 2061; x_wconf 84' lang='lat' dir='ltr'>cum</span> <span class='ocrx_word' id='word_1_271' title='bbox 421 2017 568 2062; x_wconf 82' lang='lat' dir='ltr'>creatis</span> <span class='ocrx_word' id='word_1_272' title='bbox 603 2018 722 2063; x_wconf 82' lang='lat' dir='ltr'>rebus</span> <span class='ocrx_word' id='word_1_273' title='bbox 751 2018 1010 2062; x_wconf 79' lang='lat' dir='ltr'>substantiam</span> <span class='ocrx_word' id='word_1_274' title='bbox 1044 2018 1322 2062; x_wconf 80' lang='lat' dir='ltr'>communicat.</span> <span class='ocrx_word' id='word_1_275' title='bbox 1383 2018 1500 2075; x_wconf 83' lang='lat' dir='ltr'>Quod</span> <span class='ocrx_word' id='word_1_276' title='bbox 1534 2033 1613 2061; x_wconf 91' lang='lat' dir='ltr'>non</span> <span class='ocrx_word' id='word_1_277' title='bbox 1643 2018 1722 2060; x_wconf 87' lang='lat' dir='ltr'>ulla</span> 
     </span>
     <span class='ocr_line' id='line_1_28' title="bbox 171 2085 1721 2146; baseline -0.001 -17"><span class='ocrx_word' id='word_1_278' title='bbox 171 2086 440 2146; x_wconf 49' lang='lat' dir='ltr'>penetentia</span> <span class='ocrx_word' id='word_1_279' title='bbox 473 2085 742 2130; x_wconf 74' lang='lat' dir='ltr'>imbecillitate</span> <span class='ocrx_word' id='word_1_280' title='bbox 766 2086 851 2130; x_wconf 86' lang='lat' dir='ltr'>lieri</span> <span class='ocrx_word' id='word_1_281' title='bbox 882 2088 1091 2144; x_wconf 82' lang='lat' dir='ltr'>putandum</span> <span class='ocrx_word' id='word_1_282' title='bbox 1119 2095 1205 2141; x_wconf 84' lang='lat' dir='ltr'>est,</span> <span class='ocrx_word' id='word_1_283' title='bbox 1248 2088 1318 2130; x_wconf 84' lang='lat' dir='ltr'>sed</span> <span class='ocrx_word' id='word_1_284' title='bbox 1341 2101 1390 2129; x_wconf 88' lang='lat' dir='ltr'>eo</span> <span class='ocrx_word' id='word_1_285' title='bbox 1408 2086 1593 2130; x_wconf 86' lang='lat' dir='ltr'>videlicet</span> <span class='ocrx_word' id='word_1_286' title='bbox 1619 2088 1721 2143; x_wconf 87' lang='lat' dir='ltr'>quod</span> 
     </span>
     <span class='ocr_line' id='line_1_29' title="bbox 170 2154 1722 2213; baseline -0.001 -14"><span class='ocrx_word' id='word_1_287' title='bbox 170 2154 367 2199; x_wconf 78' lang='lat' dir='ltr'>imbecilla</span> <span class='ocrx_word' id='word_1_288' title='bbox 389 2161 522 2197; x_wconf 85' lang='lat' dir='ltr'>cetera</span> <span class='ocrx_word' id='word_1_289' title='bbox 546 2154 592 2197; x_wconf 84' lang='lat' dir='ltr'>ad</span> <span class='ocrx_word' id='word_1_290' title='bbox 616 2162 911 2212; x_wconf 75' lang='lat' dir='ltr'>praepotentem</span> <span class='ocrx_word' id='word_1_291' title='bbox 933 2169 1056 2212; x_wconf 88' lang='lat' dir='ltr'>usque</span> <span class='ocrx_word' id='word_1_292' title='bbox 1076 2155 1239 2213; x_wconf 86' lang='lat' dir='ltr'>provehi</span> <span class='ocrx_word' id='word_1_293' title='bbox 1265 2163 1485 2212; x_wconf 86' lang='lat' dir='ltr'>nequeant,</span> <span class='ocrx_word' id='word_1_294' title='bbox 1530 2155 1580 2198; x_wconf 92' lang='lat' dir='ltr'>ob</span> <span class='ocrx_word' id='word_1_295' title='bbox 1606 2156 1722 2198; x_wconf 86' lang='lat' dir='ltr'>nnius</span> 
     </span>
     <span class='ocr_line' id='line_1_30' title="bbox 173 2222 1722 2282; baseline -0.002 -14"><span class='ocrx_word' id='word_1_296' title='bbox 173 2223 236 2268; x_wconf 77' lang='lat' dir='ltr'>dei</span> <span class='ocrx_word' id='word_1_297' title='bbox 259 2231 302 2267; x_wconf 90' lang='lat' dir='ltr'>et</span> <span class='ocrx_word' id='word_1_298' title='bbox 324 2222 373 2266; x_wconf 87' lang='lat' dir='ltr'>ab</span> <span class='ocrx_word' id='word_1_299' title='bbox 394 2222 482 2280; x_wconf 88' lang='lat' dir='ltr'>ipso</span> <span class='ocrx_word' id='word_1_300' title='bbox 504 2223 754 2279; x_wconf 87' lang='lat' dir='ltr'>procedentis</span> <span class='ocrx_word' id='word_1_301' title='bbox 778 2223 970 2280; x_wconf 84' lang='lat' dir='ltr'>unigeniti</span> <span class='ocrx_word' id='word_1_302' title='bbox 1005 2225 1070 2267; x_wconf 87' lang='lat' dir='ltr'>lilii</span> <span class='ocrx_word' id='word_1_303' title='bbox 1105 2239 1191 2267; x_wconf 92' lang='lat' dir='ltr'>cum</span> <span class='ocrx_word' id='word_1_304' title='bbox 1221 2224 1358 2282; x_wconf 87' lang='lat' dir='ltr'>spiritu</span> <span class='ocrx_word' id='word_1_305' title='bbox 1387 2231 1526 2267; x_wconf 86' lang='lat' dir='ltr'>sancto</span> <span class='ocrx_word' id='word_1_306' title='bbox 1549 2224 1722 2280; x_wconf 83' lang='lat' dir='ltr'>singula-</span> 
     </span>
     <span class='ocr_line' id='line_1_31' title="bbox 172 2291 936 2348; baseline -0.004 -12"><span class='ocrx_word' id='word_1_307' title='bbox 172 2305 257 2336; x_wconf 86' lang='lat' dir='ltr'>rem</span> <span class='ocrx_word' id='word_1_308' title='bbox 286 2292 534 2335; x_wconf 80' lang='lat' dir='ltr'>maiestatem</span> <span class='ocrx_word' id='word_1_309' title='bbox 564 2306 611 2334; x_wconf 86' lang='lat' dir='ltr'>ac</span> <span class='ocrx_word' id='word_1_310' title='bbox 641 2291 936 2348; x_wconf 76' lang='lat' dir='ltr'>praestantiam.</span> 
     </span>
    </p>

    <p class='ocr_par' dir='ltr' id='par_1_3' title="bbox 174 2357 1724 2827">
     <span class='ocr_line' id='line_1_32' title="bbox 288 2357 1720 2417; baseline -0.003 -13"><span class='ocrx_word' id='word_1_311' title='bbox 288 2359 396 2404; x_wconf 76' lang='lat' dir='ltr'>Aetii</span> <span class='ocrx_word' id='word_1_312' title='bbox 420 2357 549 2417; x_wconf 88' lang='lat' dir='ltr'>Caput</span> <span class='ocrx_word' id='word_1_313' title='bbox 570 2357 673 2402; x_wconf 82' lang='lat' dir='ltr'>XX.</span> <span class='ocrx_word' id='word_1_314' title='bbox 719 2357 821 2402; x_wconf 88' lang='lat' dir='ltr'>Cum</span> <span class='ocrx_word' id='word_1_315' title='bbox 844 2360 1085 2416; x_wconf 72' lang='lat' dir='ltr'>privationes</span> <span class='ocrx_word' id='word_1_316' title='bbox 1107 2361 1328 2404; x_wconf 88' lang='lat' dir='ltr'>ablationes</span> <span class='ocrx_word' id='word_1_317' title='bbox 1351 2362 1432 2403; x_wconf 85' lang='lat' dir='ltr'>sint</span> <span class='ocrx_word' id='word_1_318' title='bbox 1451 2358 1720 2411; x_wconf 80' lang='lat' dir='ltr'>affectionum,</span> 
     </span>
     <span class='ocr_line' id='line_1_33' title="bbox 175 2427 1722 2487; baseline -0.003 -14"><span class='ocrx_word' id='word_1_319' title='bbox 175 2428 277 2487; x_wconf 73' lang='lat' dir='ltr'>qaod</span> <span class='ocrx_word' id='word_1_320' title='bbox 302 2429 344 2472; x_wconf 90' lang='lat' dir='ltr'>in</span> <span class='ocrx_word' id='word_1_321' title='bbox 367 2428 442 2471; x_wconf 81' lang='lat' dir='ltr'>deo</span> <span class='ocrx_word' id='word_1_322' title='bbox 465 2435 528 2470; x_wconf 86' lang='lat' dir='ltr'>est</span> <span class='ocrx_word' id='word_1_323' title='bbox 549 2427 790 2484; x_wconf 72' lang='lat' dir='ltr'>ingenitum,</span> <span class='ocrx_word' id='word_1_324' title='bbox 823 2427 887 2470; x_wconf 89' lang='lat' dir='ltr'>vel</span> <span class='ocrx_word' id='word_1_325' title='bbox 910 2428 1132 2471; x_wconf 75' lang='lat' dir='ltr'>affectionis</span> <span class='ocrx_word' id='word_1_326' title='bbox 1154 2429 1323 2486; x_wconf 79' lang='lat' dir='ltr'>privatio</span> <span class='ocrx_word' id='word_1_327' title='bbox 1347 2435 1430 2481; x_wconf 89' lang='lat' dir='ltr'>est,</span> <span class='ocrx_word' id='word_1_328' title='bbox 1475 2427 1539 2469; x_wconf 88' lang='lat' dir='ltr'>vel</span> <span class='ocrx_word' id='word_1_329' title='bbox 1565 2427 1722 2469; x_wconf 80' lang='lat' dir='ltr'>affectio</span> 
     </span>
     <span class='ocr_line' id='line_1_34' title="bbox 174 2494 1722 2556; baseline -0.003 -15"><span class='ocrx_word' id='word_1_330' title='bbox 174 2496 386 2556; x_wconf 72' lang='lat' dir='ltr'>privationi</span> <span class='ocrx_word' id='word_1_331' title='bbox 416 2496 630 2539; x_wconf 85' lang='lat' dir='ltr'>contraria.</span> <span class='ocrx_word' id='word_1_332' title='bbox 704 2496 826 2551; x_wconf 82' lang='lat' dir='ltr'>lgitnr</span> <span class='ocrx_word' id='word_1_333' title='bbox 849 2495 883 2538; x_wconf 81' lang='lat' dir='ltr'>si</span> <span class='ocrx_word' id='word_1_334' title='bbox 905 2496 1126 2539; x_wconf 79' lang='lat' dir='ltr'>affectionis</span> <span class='ocrx_word' id='word_1_335' title='bbox 1151 2497 1319 2553; x_wconf 77' lang='lat' dir='ltr'>privatio</span> <span class='ocrx_word' id='word_1_336' title='bbox 1347 2503 1430 2547; x_wconf 86' lang='lat' dir='ltr'>est,</span> <span class='ocrx_word' id='word_1_337' title='bbox 1463 2495 1657 2551; x_wconf 85' lang='lat' dir='ltr'>quomodo</span> <span class='ocrx_word' id='word_1_338' title='bbox 1685 2494 1722 2537; x_wconf 88' lang='lat' dir='ltr'>id</span> 
     </span>
     <span class='ocr_line' id='line_1_35' title="bbox 175 2563 1721 2624; baseline -0.003 -14"><span class='ocrx_word' id='word_1_339' title='bbox 175 2566 279 2624; x_wconf 72' lang='lat' dir='ltr'>qaod</span> <span class='ocrx_word' id='word_1_340' title='bbox 301 2579 380 2609; x_wconf 83' lang='lat' dir='ltr'>non</span> <span class='ocrx_word' id='word_1_341' title='bbox 400 2565 506 2608; x_wconf 84' lang='lat' dir='ltr'>inest</span> <span class='ocrx_word' id='word_1_342' title='bbox 529 2566 603 2608; x_wconf 91' lang='lat' dir='ltr'>deo</span> <span class='ocrx_word' id='word_1_343' title='bbox 626 2571 810 2620; x_wconf 86' lang='lat' dir='ltr'>tanquam</span> <span class='ocrx_word' id='word_1_344' title='bbox 836 2563 930 2606; x_wconf 85' lang='lat' dir='ltr'>insit</span> <span class='ocrx_word' id='word_1_345' title='bbox 953 2564 1161 2607; x_wconf 80' lang='lat' dir='ltr'>tribuitur?</span> <span class='ocrx_word' id='word_1_346' title='bbox 1219 2565 1276 2607; x_wconf 82' lang='lat' dir='ltr'>At</span> <span class='ocrx_word' id='word_1_347' title='bbox 1294 2565 1327 2606; x_wconf 89' lang='lat' dir='ltr'>si</span> <span class='ocrx_word' id='word_1_348' title='bbox 1352 2563 1508 2606; x_wconf 77' lang='lat' dir='ltr'>affectio</span> <span class='ocrx_word' id='word_1_349' title='bbox 1534 2563 1721 2619; x_wconf 81' lang='lat' dir='ltr'>quaedam</span> 
     </span>
     <span class='ocr_line' id='line_1_36' title="bbox 174 2630 1723 2691; baseline -0.003 -13"><span class='ocrx_word' id='word_1_350' title='bbox 174 2640 239 2682; x_wconf 79' lang='lat' dir='ltr'>eat</span> <span class='ocrx_word' id='word_1_351' title='bbox 269 2634 509 2691; x_wconf 66' lang='lat' dir='ltr'>ingenitum,</span> <span class='ocrx_word' id='word_1_352' title='bbox 554 2633 726 2690; x_wconf 77' lang='lat' dir='ltr'>genitam</span> <span class='ocrx_word' id='word_1_353' title='bbox 758 2631 1014 2675; x_wconf 80' lang='lat' dir='ltr'>substantiam</span> <span class='ocrx_word' id='word_1_354' title='bbox 1050 2633 1227 2675; x_wconf 81' lang='lat' dir='ltr'>existere</span> <span class='ocrx_word' id='word_1_355' title='bbox 1258 2640 1375 2684; x_wconf 81' lang='lat' dir='ltr'>ante,</span> <span class='ocrx_word' id='word_1_356' title='bbox 1421 2646 1467 2674; x_wconf 87' lang='lat' dir='ltr'>ac</span> <span class='ocrx_word' id='word_1_357' title='bbox 1491 2633 1599 2674; x_wconf 89' lang='lat' dir='ltr'>velut</span> <span class='ocrx_word' id='word_1_358' title='bbox 1631 2630 1723 2674; x_wconf 87' lang='lat' dir='ltr'>sub-</span> 
     </span>
     <span class='ocr_line' id='line_1_37' title="bbox 176 2698 1724 2756; baseline -0.003 -9"><span class='ocrx_word' id='word_1_359' title='bbox 176 2703 302 2748; x_wconf 74' lang='lat' dir='ltr'>sterni</span> <span class='ocrx_word' id='word_1_360' title='bbox 324 2716 491 2747; x_wconf 84' lang='lat' dir='ltr'>necesse</span> <span class='ocrx_word' id='word_1_361' title='bbox 511 2710 596 2754; x_wconf 89' lang='lat' dir='ltr'>est,</span> <span class='ocrx_word' id='word_1_362' title='bbox 640 2701 911 2755; x_wconf 63' lang='lat' dir='ltr'>utall&#39;ectione</span> <span class='ocrx_word' id='word_1_363' title='bbox 934 2699 999 2742; x_wconf 80' lang='lat' dir='ltr'>illa</span> <span class='ocrx_word' id='word_1_364' title='bbox 1025 2701 1072 2742; x_wconf 83' lang='lat' dir='ltr'>ad</span> <span class='ocrx_word' id='word_1_365' title='bbox 1096 2714 1182 2743; x_wconf 82' lang='lat' dir='ltr'>eam</span> <span class='ocrx_word' id='word_1_366' title='bbox 1209 2701 1422 2742; x_wconf 83' lang='lat' dir='ltr'>accedente</span> <span class='ocrx_word' id='word_1_367' title='bbox 1456 2698 1629 2756; x_wconf 81' lang='lat' dir='ltr'>ingenita</span> <span class='ocrx_word' id='word_1_368' title='bbox 1654 2713 1724 2742; x_wconf 86' lang='lat' dir='ltr'>no-</span> 
     </span>
     <span class='ocr_line' id='line_1_38' title="bbox 176 2767 1723 2827; baseline -0.003 -12"><span class='ocrx_word' id='word_1_369' title='bbox 176 2770 361 2815; x_wconf 74' lang='lat' dir='ltr'>minetur.</span> <span class='ocrx_word' id='word_1_370' title='bbox 424 2769 470 2814; x_wconf 89' lang='lat' dir='ltr'>Si</span> <span class='ocrx_word' id='word_1_371' title='bbox 502 2784 599 2812; x_wconf 93' lang='lat' dir='ltr'>vero</span> <span class='ocrx_word' id='word_1_372' title='bbox 630 2769 761 2827; x_wconf 71' lang='lat' dir='ltr'>genita</span> <span class='ocrx_word' id='word_1_373' title='bbox 797 2768 1014 2811; x_wconf 77' lang='lat' dir='ltr'>substantia</span> <span class='ocrx_word' id='word_1_374' title='bbox 1047 2767 1246 2822; x_wconf 84' lang='lat' dir='ltr'>ingenitae</span> <span class='ocrx_word' id='word_1_375' title='bbox 1269 2769 1463 2824; x_wconf 82' lang='lat' dir='ltr'>particeps</span> <span class='ocrx_word' id='word_1_376' title='bbox 1492 2767 1588 2819; x_wconf 81' lang='lat' dir='ltr'>l&#39;uit,</span> <span class='ocrx_word' id='word_1_377' title='bbox 1629 2767 1723 2811; x_wconf 79' lang='lat' dir='ltr'>affe-</span> 
     </span>
    </p>
   </div>
   <div class='ocr_carea' id='block_1_3' title="bbox 182 2877 1724 3016">
    <p class='ocr_par' dir='ltr' id='par_1_4' title="bbox 182 2877 1724 3016">
     <span class='ocr_line' id='line_1_39' title="bbox 227 2877 1724 2937; baseline -0.001 -18"><span class='ocrx_word' id='word_1_378' title='bbox 227 2884 279 2920; x_wconf 77' lang='lat'>12.</span> <span class='ocrx_word' id='word_1_379' title='bbox 303 2885 390 2918; x_wconf 74' lang='lat' dir='ltr'>Libri</span> <span class='ocrx_word' id='word_1_380' title='bbox 410 2886 522 2919; x_wconf 70' lang='lat' dir='ltr'>babent</span> <span class='ocrx_word' id='word_1_381' title='bbox 545 2881 790 2937; x_wconf 73' lang='grc' dir='ltr'><strong>αὖτογέννητον.</strong></span> <span class='ocrx_word' id='word_1_382' title='bbox 975 2879 1097 2922; x_wconf 61' lang='lat' dir='ltr'>lewe.</span> <span class='ocrx_word' id='word_1_383' title='bbox 1122 2893 1146 2925; x_wconf 80' lang='grc' dir='ltr'>η</span> <span class='ocrx_word' id='word_1_384' title='bbox 1170 2880 1237 2923; x_wconf 71' lang='grc' dir='ltr'>ἵξις</span> <span class='ocrx_word' id='word_1_385' title='bbox 1258 2880 1461 2926; x_wconf 53' lang='lat' dir='ltr'>flumem&lt;-</span> <span class='ocrx_word' id='word_1_386' title='bbox 1507 2877 1596 2917; x_wconf 81' lang='grc' dir='ltr'>Ἀλλ’</span> <span class='ocrx_word' id='word_1_387' title='bbox 1615 2881 1645 2917; x_wconf 74' lang='grc' dir='ltr'>ιζ</span> <span class='ocrx_word' id='word_1_388' title='bbox 1664 2880 1724 2926; x_wconf 71' lang='grc' dir='ltr'>μὲν</span> 
     </span>
     <span class='ocr_line' id='line_1_40' title="bbox 227 2922 1723 2973; baseline -0.002 -10"><span class='ocrx_word' id='word_1_389' title='bbox 227 2930 254 2963; x_wconf 93' lang='grc'>1.</span> <span class='ocrx_word' id='word_1_390' title='bbox 276 2930 344 2965; x_wconf 74' lang='grc' dir='ltr'>τῶν</span> <span class='ocrx_word' id='word_1_391' title='bbox 361 2931 448 2964; x_wconf 74' lang='lat' dir='ltr'>obest</span> <span class='ocrx_word' id='word_1_392' title='bbox 465 2940 575 2973; x_wconf 68' lang='lat' dir='ltr'>supra,</span> <span class='ocrx_word' id='word_1_393' title='bbox 597 2932 710 2964; x_wconf 71' lang='lat' dir='ltr'>inmte</span> <span class='ocrx_word' id='word_1_394' title='bbox 730 2922 841 2963; x_wconf 76' lang='grc' dir='ltr'>αυτῶν</span> <span class='ocrx_word' id='word_1_395' title='bbox 860 2931 929 2969; x_wconf 67' lang='lat' dir='ltr'>post</span> <span class='ocrx_word' id='word_1_396' title='bbox 976 2924 1134 2970; x_wconf 67' lang='grc' dir='ltr'>στέρησίς</span> <span class='ocrx_word' id='word_1_397' title='bbox 1163 2924 1272 2965; x_wconf 70' lang='grc' dir='ltr'>ἐστιν,</span> <span class='ocrx_word' id='word_1_398' title='bbox 1305 2937 1387 2969; x_wconf 74' lang='lat' dir='ltr'>quae</span> <span class='ocrx_word' id='word_1_399' title='bbox 1401 2928 1550 2962; x_wconf 65' lang='lat' dir='ltr'>Pacuius</span> <span class='ocrx_word' id='word_1_400' title='bbox 1571 2937 1611 2960; x_wconf 73' lang='lat' dir='ltr'>e:</span> <span class='ocrx_word' id='word_1_401' title='bbox 1630 2937 1723 2969; x_wconf 75' lang='lat' dir='ltr'>supe·</span> 
     </span>
     <span class='ocr_line' id='line_1_41' title="bbox 182 2972 1292 3016; baseline 0.006 -17"><span class='ocrx_word' id='word_1_402' title='bbox 182 2972 294 3016; x_wconf 54' lang='grc' dir='ltr'>(ξω,</span> <span class='ocrx_word' id='word_1_403' title='bbox 973 2973 1108 3005; x_wconf 70' lang='lat' dir='ltr'>rioribus</span> <span class='ocrx_word' id='word_1_404' title='bbox 1127 2974 1292 3015; x_wconf 72' lang='lat' dir='ltr'>supplevit.</span> 
     </span>
    </p>
   </div>
   <div class='ocr_carea' id='block_1_4' title="bbox 179 3015 1504 3108">
    <p class='ocr_par' dir='ltr' id='par_1_5' title="bbox 179 3015 1504 3108">
     <span class='ocr_line' id='line_1_42' title="bbox 223 3015 1504 3063; baseline -0.004 -6.988"><span class='ocrx_word' id='word_1_405' title='bbox 223 3020 256 3054; x_wconf 80' lang='lat'>2-</span> <span class='ocrx_word' id='word_1_406' title='bbox 279 3021 387 3063; x_wconf 70' lang='lat' dir='ltr'>supi-a</span> <span class='ocrx_word' id='word_1_407' title='bbox 410 3022 504 3063; x_wconf 70' lang='lat' dir='ltr'>culae</span> <span class='ocrx_word' id='word_1_408' title='bbox 526 3018 637 3062; x_wconf 71' lang='grc' dir='ltr'><strong>ἕξεων.</strong></span> <span class='ocrx_word' id='word_1_409' title='bbox 684 3021 719 3054; x_wconf 81' lang='lat' dir='ltr'>ln</span> <span class='ocrx_word' id='word_1_410' title='bbox 739 3020 829 3053; x_wconf 80' lang='lat' dir='ltr'>codd.</span> <span class='ocrx_word' id='word_1_411' title='bbox 857 3028 929 3050; x_wconf 73' lang='lat' dir='ltr'>maa.</span> <span class='ocrx_word' id='word_1_412' title='bbox 1020 3016 1053 3050; x_wconf 82' lang='grc'>3.</span> <span class='ocrx_word' id='word_1_413' title='bbox 1077 3028 1126 3056; x_wconf 76' lang='grc' dir='ltr'>ως</span> <span class='ocrx_word' id='word_1_414' title='bbox 1147 3027 1227 3061; x_wconf 77' lang='grc' dir='ltr'>προ</span> <span class='ocrx_word' id='word_1_415' title='bbox 1215 3015 1266 3052; x_wconf 56' lang='lat' dir='ltr'>we</span> <span class='ocrx_word' id='word_1_416' title='bbox 1288 3019 1372 3051; x_wconf 69' lang='lat' dir='ltr'>obest</span> <span class='ocrx_word' id='word_1_417' title='bbox 1394 3027 1504 3062; x_wconf 75' lang='lat' dir='ltr'>supra.</span> 
     </span>
     <span class='ocr_line' id='line_1_43' title="bbox 179 3060 1398 3108; baseline -0.002 -8"><span class='ocrx_word' id='word_1_418' title='bbox 179 3068 209 3099; x_wconf 80' lang='lat' dir='ltr'>et</span> <span class='ocrx_word' id='word_1_419' title='bbox 250 3067 285 3099; x_wconf 72' lang='lat' dir='ltr'>tn</span> <span class='ocrx_word' id='word_1_420' title='bbox 326 3066 399 3099; x_wconf 69' lang='lat' dir='ltr'>edit.</span> <span class='ocrx_word' id='word_1_421' title='bbox 434 3069 536 3108; x_wconf 75' lang='grc' dir='ltr'>ρήιιο.</span> <span class='ocrx_word' id='word_1_422' title='bbox 575 3066 794 3100; x_wconf 67' lang='lat' dir='ltr'>desider-amin·</span> <span class='ocrx_word' id='word_1_423' title='bbox 837 3065 930 3097; x_wconf 81' lang='lat' dir='ltr'>verbo</span> <span class='ocrx_word' id='word_1_424' title='bbox 1022 3060 1054 3095; x_wconf 75' lang='lat'>4.</span> <span class='ocrx_word' id='word_1_425' title='bbox 1077 3075 1100 3106; x_wconf 85' lang='grc' dir='ltr'>η</span> <span class='ocrx_word' id='word_1_426' title='bbox 1124 3074 1265 3107; x_wconf 75' lang='grc' dir='ltr'>γεννητη</span> <span class='ocrx_word' id='word_1_427' title='bbox 1288 3073 1398 3106; x_wconf 76' lang='lat' dir='ltr'>supro.</span> 
     </span>
    </p>
   </div>
   <div class='ocr_carea' id='block_1_5' title="bbox 1353 3122 1449 3166">
    <p class='ocr_par' dir='ltr' id='par_1_6' title="bbox 1353 3122 1449 3166">
     <span class='ocr_line' id='line_1_44' title="bbox 1353 3122 1449 3166; baseline 0.021 -2"><span class='ocrx_word' id='word_1_428' title='bbox 1353 3122 1449 3166; x_wconf 74' lang='lat'>18*</span> 
     </span>
    </p>
   </div>
  </div>
 </body>
</html>
