2020 3276
447 201 628 236 rmum
651 201 734 235 us.
748 202 810 235 ιιι.
833 201 942 235 Tou.
954 203 981 236 1.
1005 202 1312 236 nunnxxvi.
1570 193 1653 235 327

108 280 422 327 Μαι-ιιι
441 279 630 323 voeabula
652 280 893 337 pronuntiet,
927 295 1028 335 quae
1051 282 1251 324 auditione
1276 280 1482 334 didicerat,
1515 281 1653 324 borum

105 354 239 397 ,u-
257 347 425 406 &ure-
441 362 488 391 ac
505 347 676 405 speciem
694 347 852 390 minime
873 349 1094 403 cognoscit,
1122 363 1195 391 nec
1219 349 1434 392 cuiusmodi
1456 349 1510 392 sit
1529 349 1654 406 expli-

104 419 371 474 Μαρακοὶ,
401 416 506 473 qnod
529 416 580 458 ab
600 423 714 459 utero
737 416 873 460 matris
898 430 1042 458 caecus
1064 417 1274 472 prodierit,
1317 432 1364 460 ac
1388 418 1550 474 proinde
1571 417 1654 460 sin·

103 483 287 542 με·
325 485 575 542 qnalitetem,
627 484 878 537 discrimina,
934 484 1136 540 figurasve
1188 485 1414 528 discernere
1466 493 1651 541 nequeat.

106 550 322 610 what
345 553 451 596 enim
474 553 637 596 istorum
662 553 862 596 nominum
886 566 1073 595 sensnum
1097 553 1336 609 perceptioni
1363 553 1654 610 experientiae-

104 624 518 679 &metante-eam
551 621 724 678 speciem
760 620 969 678 exprimit,
1012 621 1084 662 sed
1112 635 1159 663 ea
1191 635 1374 663 sermone
1402 622 1592 665 declarari
1615 623 1653 665 ei

104 688 272 746 pinon
292 689 399 733 illa-
429 689 553 732 oenlis
578 689 800 745 usurparit,
845 702 974 745 neque
997 696 1102 731 tactu
1129 689 1286 744 probari
1309 690 1563 732 diiudicarive
1586 704 1654 746 po-

105 763 203 806 nd,
257 755 395 814 Quare
416 771 503 800 enm
530 758 636 799 caeci
662 757 716 799 illi
741 758 789 799 de
820 757 918 799 iisne
943 757 1142 799 coloribus
1167 757 1434 810 disserentes,
1476 759 1541 814 qui
1566 773 1653 801 cnm

103 825 222 882 ἡκ
241 825 470 877 madidum,
501 825 627 868 viride
651 839 737 867 cum
761 825 969 877 caeruleo,
1012 833 1091 867 tum
1115 839 1375 881 purpureum,
1409 827 1651 879 coccineum,

103 900 333 949 nem
365 893 469 936 inter
489 907 535 936 se
571 894 696 950 perite
722 900 974 950 comparant,
1019 894 1066 935 de
1092 892 1279 949 cuiusque
1301 894 1461 949 generis
1482 908 1528 936 ac
1548 895 1655 936 colo-

103 961 368 1019 *ip-&nte
398 975 422 1004 e
450 962 561 1004 nobis
594 961 914 1017 interrogantur,
956 976 1030 1004 nec
1063 961 1166 1004 istud
1202 962 1357 1017 eloqui,
1402 976 1476 1004 nec
1497 977 1519 1004 a
1541 963 1654 1005 nobis

104 1029 471 1088 “canipe-sunt,
504 1030 575 1072 sed
598 1043 697 1073 voce
722 1036 836 1072 tenus
863 1029 1033 1087 sibiipsis
1057 1030 1315 1086 persuadent,
1361 1038 1401 1072 et
1425 1030 1653 1074 auctoribus

104 1098 323 1156 ino-ut,
354 1097 568 1140 utiliorum
589 1098 800 1141 discrimen
824 1099 1108 1154 perfectissime
1131 1098 1277 1141 callere
1300 1098 1523 1150 videantur,
1555 1106 1653 1141 tam-

103 1165 181 1211 Oh'
205 1165 303 1210 nibil
322 1173 479 1222 praeter
504 1166 607 1208 nuda
629 1165 751 1208 verba
775 1173 938 1208 teneant
959 1180 1093 1209 earnm
1117 1180 1275 1217 rerum,
1318 1180 1506 1223 quarum,
1551 1168 1653 1223 quod

104 1248 177 1278 σοι
194 1233 354 1278 ubine
371 1234 705 1290 comprehendere
725 1234 892 1290 possint,
924 1248 1075 1277 summa
1093 1236 1132 1276 in
1156 1235 1406 1290 ignoratione
1424 1242 1650 1278 versantur.

105 1302 173 1347 Ad
191 1301 295 1346 hun
314 1302 470 1345 modum
490 1301 556 1344 ille
578 1301 627 1344 de
650 1302 723 1344 deo
744 1316 966 1344 sermonem
987 1302 1177 1354 institnit,
1210 1310 1252 1344 et
1272 1310 1495 1360 corruptam
1519 1305 1653 1347 nescio

103 1384 221 1428 qn-
244 1369 376 1423 nobis,
409 1378 571 1420 mutam,
603 1384 649 1411 ac
675 1371 851 1422 surdam,
882 1384 1118 1427 caecamque
1139 1371 1331 1430 yirginem
1354 1386 1425 1428 per
1444 1372 1653 1414 ludibrium

104 1438 255 1491 οδίἰόῑ,
285 1452 356 1496 pro
375 1452 448 1481 sua
468 1438 508 1480 in
526 1438 699 1480 divinum
721 1452 864 1481 numen
888 1439 1102 1495 petulantia
1123 1447 1332 1496 corruptus
1349 1440 1450 1496 ipse,
1483 1448 1523 1482 et
1540 1440 1653 1496 igno-

104 1506 230 1551 nati·
251 1506 361 1551 velut
380 1506 429 1549 ab
451 1507 605 1561 origine
630 1513 833 1549 contracta
855 1507 1044 1549 caecitate
1066 1507 1266 1550 laborans.
1329 1506 1407 1563 Qui
1430 1509 1484 1550 ita
1509 1509 1558 1551 de
1578 1509 1652 1552 deo

100 1575 296 1632 &sp-tet,
352 1581 395 1617 nt
426 1575 474 1616 de
512 1575 597 1617 eius
632 1582 770 1617 natura
811 1576 1113 1618 sermocinando
1152 1577 1350 1618 coniicere
1389 1590 1435 1617 ac
1474 1577 1652 1619 divinare

102 1643 276 1687 efflent.
333 1640 544 1687 Postremo
571 1642 784 1699 discipulos
816 1657 911 1686 suos
935 1644 982 1686 ad
1010 1651 1228 1686 extremam
1262 1644 1539 1701 impudentiam
1566 1659 1654 1702 per-

103 1711 233 1757 duit.

153 1788 155 1790 '
214 1777 293 1824 ‹Vl-
349 1777 462 1822 Nibil
493 1779 596 1822 enim
620 1787 682 1822 est
701 1794 779 1836 quo
806 1794 884 1830 uon
908 1780 1062 1823 illorum
1090 1781 1289 1838 pertingat
1313 1781 1491 1824 audacia.
1551 1779 1653 1824 Pro-

102 1846 304 1906 m
334 1847 680 1904 apostolorumque
714 1848 871 1891 nomina
902 1850 1150 1892 contumeliis
1186 1850 1403 1892 incessunt.
1473 1848 1651 1907 Cumque

104 1915 238 1972 urgeri
259 1914 454 1958 rationum
475 1916 514 1957 vi
535 1930 582 1958 ac
608 1916 708 1958 male
731 1916 867 1959 baberi
891 1918 1117 1974 coeperint,
1159 1919 1352 1974 effugiunt
1376 1919 1563 1970 subinde,
1605 1933 1652 1961 ac

104 1983 335 2041 prosiliunt,
365 1989 428 2036 et,
461 1980 568 2037 lsta,
611 1984 812 2040 inquiunt,
855 1986 1080 2043 apostolus,
1126 1993 1308 2043 tanquam
1348 1987 1488 2038 bomo,
1533 1986 1648 2029 dixit.

105 2052 245 2103 Alias,
277 2048 381 2106 Quid
404 2057 444 2091 tn
465 2050 555 2093 mibi
580 2059 710 2103 vetus,
743 2053 867 2106 aiunt,
901 2060 1176 2096 testamentum
1203 2054 1370 2096 obiicis?
1429 2053 1544 2109 Quod
1569 2056 1652 2111 qui-

104 2120 191 2163 dem
213 2119 373 2162 minime
394 2120 532 2162 mirum
557 2127 641 2170 est,
684 2121 716 2162 si
740 2120 882 2163 dictum
910 2122 1002 2164 illud
1032 2123 1243 2165 salvatoris
1267 2124 1563 2165 consideretur:
1604 2126 1653 2164 Si
1686 2131 1796 2160 Matth-

101 2195 248 2243 patna
268 2188 437 2241 sai-ilius
458 2188 669 2230 Beelzebub
690 2197 936 2238 vocaverunt,
970 2199 1110 2244 quanto
1130 2195 1252 2244 magis
1273 2194 1492 2233 domesticos
1515 2194 1650 2233 illius?

103 2254 150 2300 Si
172 2255 369 2299 dominnm
393 2256 516 2311 ipsum
531 2286 543 2306 ,
576 2269 621 2297 ac
644 2269 779 2297 verum
804 2256 890 2299 eins
914 2258 1059 2312 decus,
1101 2264 1140 2301 et
1163 2259 1327 2315 gloriam
1350 2260 1548 2316 abnegare
1571 2274 1649 2301 non

103 2323 303 2376 dubitant,
359 2330 503 2380 quanto
537 2323 659 2378 magis
694 2323 901 2380 prophetas
935 2325 1062 2378 illius,
1114 2334 1154 2368 et
1189 2328 1389 2383 apostolos
1427 2327 1650 2383 negabunt?

103 2390 317 2435 Praeterea
337 2405 432 2434 vero
454 2391 602 2432 maiore
625 2392 787 2446 quadani
815 2392 967 2436 insania
987 2408 1032 2435 ac
1058 2396 1189 2437 furore
1212 2395 1382 2451 correpti
1404 2396 1510 2437 A'etii
1533 2395 1648 2437 disci-

103 2460 206 2518 puli,
237 2475 324 2503 eum
347 2459 483 2502 horum
506 2473 761 2510 successore,
795 2461 858 2515 qni
882 2459 1100 2504 Eunomius
1125 2464 1222 2505 falso
1247 2464 1491 2514 nominatur,
1537 2470 1577 2504 et
1600 2463 1648 2505 ad

103 2529 201 2572 baec
223 2535 398 2585 tempora
422 2535 628 2584 superest,
670 2528 773 2570 atiud
797 2529 974 2583 quiddam
999 2531 1232 2573 sceleratum
1259 2545 1306 2572 ac
1329 2531 1520 2572 nefarium
1544 2545 1650 2572 com-

104 2596 274 2640 mittunt.
336 2595 536 2653 Siquidem
559 2610 629 2638 eos
651 2595 716 2651 qui
736 2595 919 2651 baptizati
943 2597 1019 2639 iam
1043 2599 1186 2641 fuerint
1207 2599 1346 2640 iterum
1376 2598 1548 2654 baptizat
1569 2598 1649 2641 Eu-

103 2665 279 2718 nomins,
311 2679 388 2707 non
413 2665 528 2706 modo
550 2665 613 2720 qui
637 2678 658 2705 a
681 2663 899 2715 catholicis,
932 2672 1000 2708 aut
1019 2666 1068 2708 ab
1095 2667 1182 2709 aliis
1208 2666 1453 2718 haeresibus,
1483 2667 1553 2709 sed
1578 2681 1648 2710 eos

295 2812 356 2835 non
374 2804 450 2836 satis
465 2811 631 2843 assecutum
650 2803 738 2834 vertit
757 2812 855 2845 quum
946 2801 1000 2836 32.
1026 2798 1130 2837 αὐτοῦ
1152 2804 1200 2836 ed.
1224 2803 1331 2837 Petav.
1357 2800 1459 2838 αὐτοῦ
1491 2804 1557 2836 cod.
1571 2805 1650 2838 nh·-

104 2846 147 2880 nb
169 2846 329 2891 aliquibus
352 2846 594 2890 redarguuntur
624 2858 662 2878 ac
687 2846 852 2890 usstigun·
901 2848 966 2889 diq.
1012 2846 1131 2882 ἐαυτοῦ
1154 2849 1221 2881 cod.
1246 2849 1307 2881 len.
1330 2852 1358 2881 et
1378 2849 1449 2881 edu.
1473 2851 1572 2890 princ-

106 2898 168 2925 tnr.
224 2894 301 2926 mitt
328 2893 560 2926 rescribendum
589 2894 711 2925 videtur
739 2889 853 2926 ὑποπι-
945 2892 1000 2925 33.
1017 2894 1160 2926 Rescribe
1177 2891 1235 2927 καὶ
1252 2891 1369 2932 κακόν,
1391 2898 1558 2935 praecinite
1573 2896 1649 2929 Cor-

105 2935 290 2982 χράζοπαι.
900 2940 1002 2978 nario,
1024 2940 1077 2979 qui
1100 2940 1189 2971 vertit
1207 2938 1262 2982 qui
1283 2938 1391 2972 adbuc
1407 2938 1508 2972 hodie
1528 2950 1647 2985 super—

150 2983 205 3017 31.
227 2982 399 3028 τρέχοντες
419 2985 487 3017 eod.
509 2985 636 3024 Rhedig.
661 2981 853 3027 ὁποτρίχον-
899 2990 949 3014 est
970 2982 1001 3015 in
1025 2983 1090 3015 vita
1119 2994 1271 3027 magnum
1294 2990 1327 3016 et
1348 2985 1556 3019 temerarium
1584 2986 1648 3020 tla-

105 3038 161 3068 τις
179 3030 289 3063 vitium
308 3032 352 3062 cst
372 3030 420 3062 cd.
442 3031 548 3063 Paean.
573 3031 678 3062 colon.
703 3032 795 3070 repet.
898 3028 1025 3073 gitium.
1074 3031 1222 3065 petavius
1245 3031 1364 3064 volebat
1386 3032 1509 3067 κακῶν.
