2020 3276
182 621 271 664 Κεφ.
291 618 346 663 κγ’

176 673 243 702 pag.
260 665 335 694 11⁰³.

167 2209 258 2255 Κεφ.
273 2210 337 2246 κδ’.

172 2750 239 2778 pag.
255 2742 331 2772 11⁰8.

356 243 438 287 532
925 251 1090 286 emm-1
1109 251 1338 286 nmmum!

355 332 512 380 ἑαυτοῖς
546 328 838 383 ἐπινοήσαντες,
877 330 945 372 ἵνα
967 327 1022 383 μὴ
1046 328 1169 386 άργδν
1198 332 1287 384 βίον
1311 332 1531 384 διατελῶσι,
1571 329 1672 384 μηδὲ
1691 327 1763 373 τόν
1784 327 1905 387 ἄρτον

356 398 625 454 βεβαρημένον
643 398 840 441 ἐσθίωσιν.
897 395 964 440 Ἐν
981 400 1233 457 ψαλμῳδίαις
1248 398 1290 442 δὲ
1308 400 1351 442 οἱ
1363 401 1523 448 πλείους
1540 398 1609 441 καὶ
1627 395 1759 453 εὐχαῖς
1776 399 1903 452 διηνε-

355 468 482 518 κέσιν,
513 465 753 523 άναγνώσεσί
772 482 812 509 τε
841 470 1009 523 γραφῶν
1036 464 1160 523 άγίων
1184 467 1253 510 καὶ
1277 465 1594 522 ἆποστηθισμοῖς
1619 463 1846 511 άσκοῦνται.

350 645 358 653 ,
474 604 578 660 Περὶ
602 603 644 646 δὲ
667 606 888 658 ξενοδοχίας
912 605 982 647 καὶ
1009 606 1335 660 φιλανθρωπίας,
1376 603 1638 659 ἐλεημοσύνης
1664 620 1706 647 τε
1726 604 1786 654 είς
1803 602 1904 646 πάν-

354 689 445 724 τας,
482 676 605 714 πᾶσιν
629 669 653 715 ό
672 677 744 727 τῆς
761 670 876 729 ἆγίας
906 671 1051 727 ταύτης
1080 677 1298 727 καθολικῆς
1320 673 1388 714 καὶ
1418 670 1679 728 άποστολικῆς
1698 673 1904 727 ἐκκλησίας

353 739 510 797 καρπός
528 739 780 796 κεκήρυκται.
845 739 898 784 Τό
922 741 964 784 δὲ
985 740 1151 797 λουτρόν
1175 742 1248 796 ἔχει
1273 739 1362 783 ἀντὶ
1385 745 1456 795 τῆς
1477 743 1773 795 παλαιωθείσης
1794 755 1902 796 περι·

353 814 478 863 τομῆς
510 810 553 852 ἐν
588 813 758 869 Χριστῷ.
828 809 1126 853 Διαναπαύεται
1156 811 1199 852 ἐν
1224 813 1278 868 τῷ
1310 808 1463 868 μεγάλῳ
1496 809 1684 869 σαββάτῳ
1713 806 1803 853 άντὶ
1829 813 1903 852 τοῦ

354 882 500 934 μικροῦ
524 876 742 932 σαββάτου.
799 877 1000 934 Ἀπέχεται
1025 881 1235 928 κοινωνίας
1265 875 1453 920 ἇπάντων
1480 878 1678 934 αἱρέσεων.
1728 876 1904 932 Ἀποκη·

353 945 483 1003 ρύττει
500 948 710 1004 πορνείαν,
740 947 808 990 καὶ
827 950 1016 1002 μοιχείαν,
1046 947 1114 990 καὶ
1135 945 1350 1003 ἀσέλγειαν,
1381 947 1450 989 καὶ
1473 948 1805 1004 είδωλολατρείαν,
1834 946 1903 990 καὶ

353 1013 502 1069 φόνον,
531 1016 599 1058 καὶ
620 1020 753 1058 πᾶσαν
775 1019 1045 1073 παρανομίαν,
1074 1017 1142 1058 καὶ
1166 1017 1343 1072 μαγείαν,
1372 1016 1441 1058 καὶ
1465 1017 1735 1072 φαρμακείαν,
1763 1012 1905 1071 ἄστρο-

352 1086 514 1139 νομίαν,
543 1083 850 1139 κληδονισμοῦς,
894 1089 1058 1139 παλμῶν
1078 1083 1385 1141 παρατηρήσεις,
1425 1085 1651 1137 έπαοιδίας,
1694 1085 1903 1141 περίαπτα,

351 1151 400 1195 τά
431 1151 482 1207 δὴ
513 1151 736 1208 καλούμενα
765 1153 1026 1210 φυλακτήρια.
1078 1151 1370 1210 Ἀποκηρύσσει
1402 1151 1576 1210 θεάτρα,
1605 1153 1674 1196 καὶ
1700 1150 1901 1206 ἱππικούς,

350 1222 420 1264 καὶ
437 1220 616 1278 κυνήγια,
648 1221 863 1276 μουσικούς
885 1238 925 1264 τε
953 1223 1021 1264 καὶ
1052 1225 1187 1265 πᾶσαν
1208 1223 1443 1278 κακολογίαν
1460 1222 1528 1264 καὶ
1546 1219 1805 1274 καταλαλιᾶν,
1833 1221 1904 1263 καὶ

350 1294 483 1332 πᾶσαν
517 1291 644 1346 μοι’χην
677 1291 746 1333 καὶ
776 1293 1049 1346 βλασφημίαν,
1088 1289 1250 1334 ἀδικίαν
1267 1306 1308 1333 τε
1330 1291 1398 1332 καὶ
1428 1292 1670 1343 πλεονεξίαν,
1698 1290 1769 1333 καὶ
1790 1306 1903 1334 τοκο-

350 1362 511 1413 ληψίαν.
575 1358 887 1415 Πραγματευτοὶς
909 1357 984 1402 οὐκ
1006 1357 1259 1414 ἀποδέχεται,
1289 1356 1386 1402 άλλά
1409 1357 1718 1416 ὑποδεεστέρους
1739 1357 1904 1402 πάντων

349 1425 513 1484 ἦγεῖται.
575 1427 822 1485 Προςφοράς
852 1426 1041 1483 λαμβάνει
1076 1426 1185 1486 παρά
1206 1433 1286 1471 τῶν
1306 1426 1380 1471 οὐκ
1401 1425 1671 1480 άδικούντων,
1713 1425 1807 1471 οὐδὲ
1828 1443 1902 1470 πα-

352 1494 651 1552 ρανομούντων,
695 1495 792 1539 ἄλλα
812 1498 976 1547 δικαίως
999 1496 1203 1552 βιούντων.
1262 1495 1400 1551 Εὗχᾶς
1420 1496 1464 1539 δὲ
1483 1497 1688 1551 ἐνδελεχῶς
1711 1494 1902 1552 προςτάσ-

352 1579 479 1617 σεται,
518 1563 614 1619 μετὰ
638 1564 771 1620 πάσης
791 1564 1039 1620 πυκνότητος
1059 1566 1128 1609 καὶ
1164 1570 1177 1595 ¹
1193 1567 1365 1616 έκτενίας
1393 1566 1461 1608 καὶ
1480 1567 1728 1622 γονυκλισίας
1751 1565 1795 1608 ἐν
1817 1569 1902 1614 ταῖς

351 1634 601 1690 τεταγμέναις
629 1631 796 1690 ἡμέραις
824 1633 980 1690 νύκτωρ
1011 1635 1078 1677 καὶ
1110 1632 1200 1688 μεθ’
1224 1631 1375 1691 ἡμέραν
1406 1633 1655 1688 ἀναπέμπειν
1682 1636 1780 1691 θεῷ.
1826 1630 1902 1674 Ἔν

349 1716 426 1745 τισι
444 1702 488 1745 δὲ
508 1702 646 1752 τόποις
666 1703 735 1745 καὶ
759 1704 802 1745 ἐν
825 1708 907 1753 τοῖς
933 1701 1103 1757 σάββασι
1131 1701 1310 1753 συνάξεις
1333 1704 1592 1746 ἐπιτελοῦσιν·
1622 1699 1672 1744 ού
1692 1698 1822 1755 πάντη
1843 1700 1899 1752 δὲ,

351 1769 447 1813 ἄλλά
469 1770 580 1827 παρά
602 1777 689 1821 τοῖς
708 1771 900 1828 άκρέμοσι
922 1770 1160 1825 φυλάσσεται
1185 1770 1228 1814 τό
1251 1769 1306 1825 μή
1326 1769 1496 1825 όμνῦναι
1519 1770 1633 1824 ὅλως,
1655 1769 1755 1825 μηδὲ
1772 1770 1898 1812 λοιδο-

351 1839 570 1895 ρήσασθαι,
610 1840 710 1894 μηδὲ
739 1844 1010 1897 καταρᾶσθαι,
1050 1841 1093 1883 ἐκ
1123 1838 1421 1896 προςτάγματος
1451 1835 1577 1882 αὐτοῦ
1604 1842 1678 1882 τοῦ
1705 1841 1896 1895 σωτῆρος,

351 1907 447 1962 μήτε
463 1906 543 1962 μὴν
559 1908 793 1961 ψεύσασθαι
813 1907 910 1951 ὅσον
927 1906 1030 1951 κατὰ
1046 1907 1090 1951 το“
1109 1907 1290 1951 δυνατόν.
1332 1909 1384 1950 Οἱ
1398 1911 1556 1959 πλείους
1575 1907 1618 1951 δὲ
1632 1905 1899 1969 πιπράσκουσι

349 1974 399 2019 τά
427 1974 675 2033 ὑπάρχοντα,
706 1977 772 2019 καὶ
804 1976 960 2020 διδόασι
989 1982 1168 2032 πτωχοῖς.

473 2175 602 2231 Οὗτος
625 2179 649 2224 o‘
672 2180 868 2237 χαρακτὴρ
898 2179 1044 2236 ταύτης
1073 2187 1144 2236 τῆς
1177 2179 1312 2238 άγίας,
1351 2179 1447 2236 μετά
1481 2186 1552 2236 τῆς
1575 2180 1899 2241 προδηλωθείσης

350 2253 537 2303 πίστεως,
566 2251 636 2292 καὶ
660 2245 771 2293 οὗτοι
798 2252 840 2292 οἱ
859 2251 1003 2304 θεσμοὶ
1026 2251 1069 2293 έν
1088 2250 1191 2310 αὐτῇ
1211 2250 1489 2307 ἀναφέρονται.
1552 2244 1683 2300 Οὗτος
1700 2248 1776 2307 γάρ
1793 2250 1899 2293 ἔστιν

350 2317 375 2363 ό
402 2317 600 2376 χαρακτὴρ
632 2323 703 2374 τῆς
741 2320 964 2373 ἐκκλησίας,
1008 2317 1086 2362 άπὸ
1119 2318 1247 2374 νόμου
1281 2320 1350 2362 καὶ
1380 2323 1599 2375 προφητῶν
1629 2319 1698 2362 καὶ
1724 2316 1899 2365 ἀποστό-

350 2393 430 2431 λων
450 2388 518 2430 καὶ
541 2385 819 2444 εὖαγγελιστῶν
837 2388 1101 2444 συνηγμένος,
1134 2387 1262 2445 ὥςπερ
1286 2389 1330 2431 ἐκ
1351 2392 1506 2431 πολλῶν
1526 2389 1678 2444 μυρίων
1695 2386 1899 2437 ἆντίδοτος

351 2455 488 2513 α’γαθή
518 2461 601 2506 τοῖς
631 2457 845 2511 χρωμένοις
875 2458 931 2506 εἰς
965 2459 1161 2513 σωτηρίαν
1194 2457 1553 2511 κατεσκευασμένη,
1597 2456 1642 2498 ἐκ
1675 2453 1898 2509 θελήματος

351 2523 502 2582 πατρός
532 2525 600 2567 καὶ
618 2527 712 2568 υἱοῦ
741 2526 809 2568 καὶ
834 2522 950 2582 άγίου
983 2524 1216 2580 πνεύματος.
1280 2520 1405 2568 Οὗτοι
1424 2526 1466 2568 οἱ
1485 2527 1728 2581 χαρακτῆρες
1743 2527 1816 2578 τῆς
1835 2537 1896 2565 σε-

351 2597 452 2648 μνῆς
475 2591 622 2647 ταύτης
644 2593 806 2648 νύμφης
830 2598 1017 2650 Χριστοῦ.
1076 2593 1192 2649 Αὕτη
1212 2592 1240 2649 ἡ
1258 2595 1377 2650 προὶξ
1409 2594 1476 2637 καὶ
1501 2591 1678 2646 διαθήκη
1709 2595 1896 2648 κληρονο-

351 2664 456 2715 μίας,
486 2662 554 2704 καὶ
567 2661 748 2716 βούλημα
764 2667 835 2705 τοῦ
852 2661 974 2717 αὐτῆς
994 2665 1185 2717 νυμφίου,
1216 2664 1284 2705 καὶ
1305 2663 1547 2718 ἐπουρανίου
1564 2658 1697 2715 Ἰησοῦ
1719 2663 1897 2717 Χριστοῦ

349 2733 422 2771 τοῦ
439 2732 582 2787 κυρίου
601 2728 735 2785 ἡμῶν,
774 2728 826 2774 δι’
849 2725 900 2774 οὗ
922 2732 988 2774 καὶ
1015 2729 1105 2785 μεθ’
1129 2726 1180 2774 οὗ
1197 2736 1251 2789 τῷ
1279 2731 1400 2787 πατρὶ
1429 2729 1548 2782 δόξα,
1586 2726 1699 2784 τιμή,
1735 2727 1896 2787 κράτος,

352 2795 424 2839 σῦν
453 2794 553 2857 άγίῳ
582 2797 776 2854 πνεύματι
806 2801 862 2849 εἷς
889 2801 1039 2850 αἰῶνας
1067 2799 1245 2852 αἷιόνων,
1273 2796 1407 2854 Ἀμήν.

468 2932 621 2985 Πάντες
638 2937 682 2978 οἷ
694 2934 787 2993 παρ’
800 2934 897 2991 ήμῖν
911 2935 1078 2990 ἀδελφοὶ
1092 2934 1451 2993 προςαγορεύουσιν
1465 2931 1579 2989 ὑμῶν
1591 2933 1664 2989 τήν
1678 2933 1893 2990 τιμιότητα,

351 2999 515 3053 μάλιστα
535 3002 781 3058 Ἀνατόλιος,
825 3003 850 3048 ό
875 3004 942 3048 διά
974 3021 1015 3048 τε
1048 3008 1220 3060 σημείων
1249 3005 1318 3047 καὶ
1339 3004 1554 3059 σχεδαρίων
1574 3007 1653 3045 τῶν
1683 3002 1784 3046 κατά
1811 3007 1895 3047 τῶν

398 3091 475 3127 Cn.
488 3093 671 3126 XX111.—
705 3097 732 3130 1.
746 3095 895 3136 ἐκτενίας
914 3098 1004 3131 codd.
1016 3107 1088 3131 mss.
1110 3100 1248 3139 uterque,
1268 3100 1297 3131 et
1317 3097 1390 3130 edit.
1400 3098 1501 3137 princ.
1534 3094 1702 3136 ἐκτενείας
1724 3096 1891 3131 ed-Petav.

1993 2655 2020 2734 »ξιτ-Α
