2020 3276
436 203 617 237 Panum
642 203 724 236 mn.
743 203 801 235 nt.
825 202 935 236 ToM.
962 202 1002 234 ll.
1028 201 1162 235 RAER.
1188 201 1353 234 LXXlX.
1591 192 1673 232 447

125 288 236 335 ἡ,
274 281 563 339 sapientissima
582 282 644 325 dei
677 282 854 324 doctrina
887 296 932 323 ac
961 281 1133 338 potentia
1167 283 1287 336 (quae
1314 279 1420 321 velut
1442 286 1583 335 styrax
1609 292 1673 319 or-

124 349 214 394 b-
243 356 438 393 terrarum
473 350 686 407 fragrantia
712 364 807 402 sna,
850 349 923 391 boc
955 357 1017 391 est
1047 356 1272 391 sanctorum
1309 347 1545 403 virginitatis
1575 346 1672 388 lilio-

123 431 236 471 ειη,
280 417 394 461 cuius
414 418 530 460 beata
555 418 668 474 virgo
698 418 879 474 princeps
909 425 995 467 est,
1039 417 1182 459 virtute
1214 416 1464 472 complevit),
1505 422 1545 456 et
1567 414 1671 456 illius

125 485 322 544 praesidio
341 486 406 542 qui
425 501 495 543 per
514 487 678 528 eandem
704 486 895 542 virginem
922 484 1011 527 huie
1038 485 1182 526 mundo
1207 485 1336 526 lumen
1362 483 1539 535 invexit,
1582 497 1669 525 enan

124 554 315 605 hactenns
342 555 383 597 in
414 555 540 597 lucem
572 555 816 605 ernerimus,
859 560 975 609 atque
1006 553 1180 595 exitialis
1212 553 1315 594 illius
1340 552 1536 607 nequitiae
1561 551 1670 592 virus

120 622 450 680 puteas-imus,
482 623 530 664 ad
554 630 709 666 ceteras
730 621 950 664 orationem
973 621 1312 678 promovebimus,
1345 635 1422 676 qno
1447 619 1535 661 hnic
1559 618 1670 675 operi

118 691 315 749 singulari
336 692 399 735 dei
425 706 499 748 ope
523 698 707 746 suscepto
731 690 846 733 linem
867 690 1076 746 aliquando
1100 690 1256 731 tandem
1284 688 1553 731 adhibeamus.

211 904 215 907 .
340 839 747 892 ADVERSUS
797 837 1450 898 coLLYRIDIANOS,

260 921 339 985 qui
371 921 539 970 Mariae
573 921 836 970 sacrificium
871 920 1079 969 offerunt.
1150 918 1364 968 Haeresis
1390 917 1533 978 LIX„

727 1002 823 1051 sive
849 999 1064 1050 LXXIX.

233 1100 334 1145 Post
350 1101 595 1159 superiorem
617 1102 723 1144 illam
747 1101 953 1154 haeresin,
987 1102 1167 1158 proxime
1187 1102 1234 1142 ad
1255 1115 1328 1143 nos
1353 1100 1515 1143 alterius
1537 1101 1668 1142 cnius-

122 1170 210 1213 d·-
233 1171 335 1214 l'ama
359 1171 509 1228 perlata
541 1178 626 1223 est,
668 1172 716 1213 de
752 1186 828 1228 qua
866 1169 989 1212 Panlo
1025 1177 1117 1212 ante
1153 1170 1389 1212 mentionem
1427 1170 1467 1211 in
1504 1168 1669 1225 epistola

121 1238 190 1281 illa
215 1238 454 1282 faciebamus
475 1253 589 1295 qnam
609 1239 658 1280 de
679 1237 808 1282 Maria
827 1239 980 1294 virgine
1001 1239 1039 1280 in
1061 1238 1244 1280 Arabiam
1268 1237 1513 1295 scripsimus.
1561 1236 1668 1279 llaec

121 1306 228 1349 enin
249 1306 427 1350 haeresis
451 1307 491 1349 in
515 1307 703 1350 Arabiam
728 1322 751 1349 e
779 1307 955 1350 Thracia
974 1322 1021 1349 ac
1043 1307 1248 1364 superiore
1271 1306 1434 1364 Scythia
1457 1307 1596 1349 diffusa
1621 1306 1667 1348 ad

120 1388 240 1419 aurea
263 1389 388 1432 usqne
419 1383 575 1418 nostras
601 1376 796 1432 pervenit.
858 1373 972 1430 Quae
997 1375 1151 1431 quidem
1184 1376 1283 1432 apud
1310 1376 1522 1432 prudentes
1547 1374 1669 1416 homi-

120 1455 196 1486 naa
213 1436 378 1486 ridicula
397 1459 446 1486 ac
466 1444 634 1487 ludibrio
656 1444 771 1500 digna
793 1451 993 1486 censetur.
1056 1441 1136 1486 Sed
1158 1458 1230 1485 nos
1252 1458 1412 1486 errores
1434 1443 1539 1485 illins
1560 1443 1669 1484 dete·-

117 1525 218 1568 gere
239 1526 288 1556 ac
310 1511 403 1569 qnid
436 1512 521 1569 ipsa
553 1512 784 1568 profiteatur
807 1512 961 1569 aperire
991 1512 1236 1554 conabimur.
1298 1511 1387 1554 Nec
1416 1511 1550 1554 dubito
1576 1511 1667 1566 quin

119 1579 310 1624 stultitiae
342 1580 573 1638 plurimum,
617 1581 832 1637 sapientiae
866 1595 915 1623 ne
946 1580 1145 1622 minimum
1169 1580 1322 1634 quidem
1355 1580 1499 1622 habere
1522 1579 1669 1621 iudice-

120 1655 208 1703 ως
250 1649 468 1692 cuiusmodi
492 1656 647 1692 ceteras
670 1663 808 1692 omnes
834 1648 921 1691 huic
948 1649 1083 1691 affines
1107 1663 1198 1691 esse
1226 1648 1501 1705 cognovimns.
1561 1646 1666 1690 Nam

117 1723 166 1761 at
184 1717 300 1775 paulo
330 1724 420 1760 ante
444 1717 509 1774 qui
540 1718 784 1774 superiorem
811 1718 914 1760 illam
942 1725 1088 1759 sectam
1115 1717 1286 1774 amplexi
1307 1725 1423 1769 sunt,
1466 1724 1668 1758 contume—

119 1785 241 1829 liuaaa
264 1785 305 1829 in
327 1786 482 1829 beatam
507 1786 700 1842 virginem
726 1786 932 1843 opiniones
963 1785 1160 1828 bominum
1193 1786 1361 1842 ingeniis
1395 1793 1665 1842 asperserunt,

119 1853 180 1897 sio
195 1853 264 1899 isti
284 1855 523 1897 contrariam
542 1855 582 1896 in
605 1862 753 1911 partem
776 1855 1018 1897 declinantes
1042 1862 1260 1897 extremam
1281 1854 1320 1896 in
1345 1869 1492 1896 noxam
1510 1869 1555 1895 ac
1580 1867 1668 1910 per-

120 1920 264 1965 nieien
296 1921 538 1974 inciderunt,
580 1930 622 1966 ut
653 1923 856 1979 gentilium
884 1922 1200 1979 philosophorum
1222 1922 1380 1965 celebre
1405 1923 1495 1964 illud
1521 1921 1665 1964 dictum

118 1989 162 2032 in
190 1989 287 2046 ipsis
317 1990 615 2047 comprobetur,
656 1995 914 2032 ezer-emimus
941 1994 1189 2046 aequalitates
1213 2007 1307 2033 esse.
1371 1989 1572 2047 Siquidem
1598 2005 1667 2046 par

119 2065 162 2101 et
184 2058 286 2101 idem
309 2071 364 2101 ex
382 2058 571 2101 ambabus
591 2058 821 2102 haeresibus
843 2060 1118 2102 detrimentum
1143 2060 1298 2112 accidit,
1332 2075 1418 2103 eum
1445 2060 1510 2102 alii
1532 2074 1666 2102 sacro-

118 2133 282 2170 sanctae
304 2126 469 2183 virginis
496 2127 724 2183 dignitatem
747 2127 920 2181 elevent,
953 2128 1019 2171 alii
1043 2121 1199 2185 praeter
1222 2129 1376 2171 modum
1400 2143 1447 2171 ac
1474 2128 1664 2170 rationem

117 2194 315 2238 attollant.
375 2193 479 2237 Nam
516 2196 618 2251 quod
653 2196 702 2237 ad
734 2196 930 2252 posterius
960 2196 1033 2239 boc
1063 2197 1203 2254 dogma
1235 2197 1428 2253 pertinet,
1474 2210 1664 2253 quosnam

118 2269 277 2321 praeter
301 2262 549 2306 mulierculas
572 2270 772 2316 auctores,
798 2278 845 2306 ac
867 2272 1055 2322 patronos
1074 2265 1217 2307 habet?
1258 2264 1374 2320 Quod
1396 2279 1523 2321 genus
1546 2263 1665 2306 lubri-

118 2344 207 2375 cum
233 2338 276 2374 et
303 2330 344 2374 in
368 2345 544 2374 errorem
570 2331 765 2389 proclive,
806 2346 852 2374 ac
882 2333 1009 2389 pusilli
1043 2334 1249 2375 admodum
1283 2342 1324 2376 et
1357 2332 1515 2390 angusti
1546 2331 1665 2374 animi

118 2412 212 2443 ease
230 2400 348 2442 solet.
409 2398 490 2442 Per
510 2413 579 2442 eas
602 2400 732 2456 itaque
756 2399 931 2443 diabolus
954 2401 1179 2444 evomuisse
1203 2402 1295 2444 illud
1318 2402 1495 2452 videtur,
1544 2400 1664 2441 idem-

118 2481 196 2524 que
229 2468 301 2510 bac
333 2469 371 2510 iu
406 2476 517 2525 parte
552 2468 694 2510 secisse
731 2468 832 2524 qnod
870 2482 940 2523 per
979 2467 1206 2525 Quintillam
1241 2485 1287 2512 ac
1325 2468 1586 2511 Maximillam
1624 2474 1664 2509 et

117 2532 337 2580 Priscillam
360 2537 398 2579 in
425 2536 597 2579 ridiculis
619 2536 694 2579 illis
718 2535 1019 2579 disseminandis
1039 2538 1241 2580 erroribus
1265 2538 1531 2594 praestiterat.
1592 2534 1662 2577 Et-

117 2603 223 2647 enim
256 2604 442 2648 mulieres
476 2604 663 2661 quaedam
695 2618 851 2646 currum
888 2603 974 2646 sive
1008 2605 1143 2647 sellam
1168 2606 1394 2661 quadratam
1426 2605 1664 2646 adornantes

118 2684 167 2715 ao
191 2671 312 2715 linteo
343 2673 512 2729 desuper
544 2680 708 2715 extento
738 2671 906 2715 sollenni
939 2680 1113 2730 tempore
1142 2688 1212 2731 per
1238 2673 1385 2729 aliquot
1409 2673 1493 2715 dies
1526 2686 1663 2729 panem

117 2748 355 2798 proponant,
389 2748 429 2783 et
451 2741 488 2783 in
508 2740 664 2783 Mariae
686 2754 827 2782 nomen
847 2740 1032 2783 offerunt.
1095 2739 1199 2783 Tum
1223 2742 1270 2782 ad
1296 2755 1411 2783 unam
1434 2755 1571 2783 omnes
1598 2740 1664 2782 illo

119 2815 348 2851 vescuntur.
409 2807 470 2851 De
507 2825 583 2866 quo
620 2810 657 2851 in
691 2808 855 2865 epistola
894 2807 958 2849 illa
994 2823 1106 2864 quam
1141 2810 1179 2851 iu
1216 2809 1405 2851 Arabiam
1436 2808 1663 2864 scripsimus

121 2877 296 2920 nonnihil
325 2878 630 2935 disputavimus:
674 2892 776 2919 nune
808 2890 904 2918 vero
935 2877 1158 2919 accuratius
1182 2876 1333 2933 singula
1363 2891 1659 2934 prosequemur,

121 2983 206 3011 tata·
222 2981 439 3020 interpretatus
455 2980 514 3023 eat)
531 2985 559 3013 et
571 2983 720 3015 Perae-‘m
735 2989 875 3013 correxe-
966 2979 995 3011 5.
1022 2980 1142 3021 nepem
1163 2989 1199 3013 τε
1217 2989 1276 3020 pro
1299 2976 1347 3014 δὲ.

119 3027 203 3058 mi.
250 3020 463 3068 μακρότητες
476 3027 567 3059 codd.
581 3028 642 3060 len.
659 3027 785 3067 Rhediy.
806 3027 869 3058 Pa·
960 3023 993 3057 ὃ.
1020 3026 1068 3066 Cf.
1090 3025 1265 3058 emonem
1286 3027 1366 3067 opp.
1390 3026 1475 3059 Criu.
1494 3033 1571 3067 paq.
1583 3023 1660 3061 81⁴.

120 3070 174 3102 ria.
223 3066 460 3114 μακαρότητις
479 3072 554 3105 edm·
573 3073 655 3105 libri.
