2020 3276
418 207 603 243 efflauit
624 207 784 240 mam.
808 205 917 240 Tou.
942 206 984 239 n.
1008 205 1142 239 nasu.
1159 205 1339 239 Lxxvn.
1568 192 1650 235 3⁷3

108 289 354 336 mbo-ate
384 288 526 331 damno
553 287 617 343 qui
648 286 885 344 propositam
916 299 963 327 ac
990 292 1187 342 receptam
1219 285 1260 327 in
1287 283 1469 327 Nicaena
1498 283 1653 342 synodo

109 358 222 404 ἢ·
253 363 469 415 respuunt,
511 369 638 412 neque
671 355 790 397 fllium
824 368 847 395 e
870 354 992 409 patris
1025 353 1243 396 substantia
1275 353 1545 409 processisse,
1585 361 1654 395 aut

108 426 234 472 sse-
262 425 635 469 consubstantialem
661 437 752 466 esse
776 422 1028 465 confitentur.
1091 419 1171 464 Sed
1195 428 1235 463 et
1259 421 1348 463 illos
1376 422 1539 478 insuper
1559 435 1654 464 eon-

106 496 249 540 danno
278 494 345 552 qni
378 494 556 552 spiritum
581 499 761 535 sanctum
793 497 1012 533 creaturam
1045 503 1135 532 esse
1170 504 1241 546 per
1271 490 1389 532 filium
1426 491 1653 547 productam

105 571 306 609 annunt.
364 561 573 606 Postremo
606 558 767 604 Sabeltii
802 573 848 602 ac
878 557 1059 609 photini,
1102 558 1279 614 adeoque
1309 559 1482 614 reliquas
1514 572 1652 601 omnes

106 634 295 678 bacmos
318 631 460 675 damno
482 630 596 687 eique
627 630 714 672 fidei
743 627 972 679 subscribo,
1017 640 1117 683 quae
1141 626 1181 668 in
1205 625 1386 669 Nicaena
1407 627 1560 684 synodo
1585 627 1654 670 de-

106 709 214 749 oeeta
242 708 327 755 eat,
359 714 408 744 ae
431 699 599 755 denique
629 712 676 739 ea
698 697 914 754 amplector
942 695 1073 738 omnia
1104 708 1204 750 quae
1234 709 1353 751 supra
1374 695 1520 752 scripta
1541 703 1649 738 sunt.

547 777 790 812 HACTENUS
813 777 932 810 FIDE!
957 775 1207 809 PRoFBssm.

217 901 443 949 Secundum
464 905 562 947 haec
582 903 755 947 Vitalem
773 903 935 959 eiusque
956 901 1087 944 socios
1106 901 1164 943 sic
1180 900 1339 942 allocuti
1357 914 1517 942 sumus:
1546 898 1651 955 Quid

102 980 233 1026 ante·
255 981 297 1017 et
320 988 394 1017 vos
425 974 582 1016 dicitis?
640 971 684 1016 Si
709 972 800 1028 quid
830 971 999 1013 invicem
1035 969 1183 1012 dissidii
1220 968 1397 1022 hahetis,
1442 969 1651 1011 conciliata

104 1055 201 1099 pana
234 1042 391 1100 penitus
417 1042 558 1085 tollite.
617 1042 672 1084 At
698 1041 790 1092 ine,
832 1038 1002 1091 Dicant,
1047 1038 1189 1094 inquit.
1249 1035 1353 1079 Tum
1376 1037 1652 1080 obiicientibus

105 1110 195 1154 aliis
214 1124 362 1167 negare
380 1111 489 1167 ipsos
510 1108 710 1153 Christum
737 1109 933 1151 hominem
954 1122 1044 1151 esse
1068 1108 1282 1164 perrectum
1297 1138 1309 1158 ‚
1342 1113 1479 1148 contra
1507 1105 1652 1148 Vitalis

106 1179 333 1237 respondit,
366 1177 451 1222 lino
468 1193 567 1221 vero
586 1176 789 1222 Christum
811 1179 980 1220 fatemur
1003 1177 1218 1234 perfectum
1238 1175 1436 1217 hominem
1456 1174 1650 1217 induisse.

106 1245 223 1303 Quod
252 1248 339 1291 eius
371 1262 603 1304 responsum
638 1262 716 1289 non
750 1246 941 1289 minorem
978 1244 1225 1287 audientibus
1262 1243 1502 1299 voluptatem
1536 1257 1654 1299 quam

103 1315 402 1359 admirationem
429 1316 572 1358 attutit.
635 1316 690 1358 At
711 1329 810 1366 nos,
856 1314 920 1371 qui
947 1314 1174 1356 callidorum
1199 1312 1422 1364 hominum,
1465 1325 1489 1353 a
1511 1311 1652 1368 quibus

102 1384 247 1428 nou-u
270 1385 396 1428 nostri
413 1385 453 1427 in
475 1398 651 1426 errorem
675 1383 991 1434 abducebantur,
1031 1381 1191 1423 intimos
1214 1395 1358 1424 sensus
1386 1394 1433 1422 ac
1459 1380 1653 1436 tergiver-

102 1453 280 1496 sationes
302 1454 483 1511 cognitas
501 1452 762 1503 habebamus,
794 1451 925 1494 acrius
945 1452 985 1506 in
1004 1450 1285 1506 interrogando
1304 1449 1561 1506 perstitimus,
1593 1456 1650 1502 et,

102 1519 373 1575 christu-ne,
405 1521 593 1573 diximus,
627 1520 783 1578 proprie
800 1533 962 1562 carnem
985 1518 1247 1575 assumpsisse
1270 1517 1494 1575 profiteris?
1551 1515 1653 1559 Pro-

101 1590 238 1644 fiteor,
280 1591 421 1647 inquit.
493 1589 721 1632 Eandemne
752 1590 801 1631 de
829 1587 961 1630 Maria
998 1587 1152 1643 virgine
1183 1587 1270 1628 sine
1305 1586 1412 1629 virili
1447 1592 1561 1639 satu,
1605 1600 1652 1628 ae

100 1672 172 1717 per
202 1658 382 1717 spiritum
416 1666 592 1701 sanetum
629 1658 858 1714 accepisse?
914 1655 980 1698 Ne
1012 1656 1114 1697 istud
1149 1655 1303 1711 quidem
1338 1653 1535 1696 inficiatus
1571 1661 1649 1697 est.

100 1725 333 1772 utra-nan
354 1727 511 1785 proprie
534 1727 647 1769 deum
678 1726 841 1769 verbum
873 1725 1012 1780 deique
1034 1724 1152 1766 tilium
1175 1724 1383 1765 existimas
1405 1736 1428 1765 e
1448 1723 1561 1765 coelo
1585 1723 1652 1765 de·

101 1796 354 1840 scandentem
384 1809 541 1838 earnem
575 1796 790 1852 sumpsisse
824 1794 870 1836 de
896 1793 1078 1849 virgine?
1135 1790 1283 1848 Magna
1317 1792 1383 1834 iile
1408 1805 1494 1833 enm
1520 1791 1653 1846 gravi·

102 1870 183 1908 tate
216 1871 405 1907 assensus
435 1871 511 1906 est.
574 1863 632 1906 Ea
662 1877 726 1905 res
761 1863 874 1905 nohis
906 1875 1082 1904 summae
1120 1859 1309 1917 voluptati
1345 1859 1431 1902 fnit.
1495 1857 1651 1917 Quippe

104 1945 127 1974 a
150 1931 351 1989 discipulis
371 1932 473 1984 iltis,
506 1947 604 1988 quos
627 1933 667 1974 in
690 1929 865 1988 Cyprum
888 1930 934 1972 ad
959 1944 1031 1972 nos
1054 1930 1214 1971 venisse
1239 1935 1353 1971 antea
1383 1929 1648 1981 narravimus,

104 1999 295 2044 eiusmodi
318 2013 409 2042 esse
434 2001 573 2056 dogma
606 2001 759 2042 iliorum
787 2000 1058 2050 audieramus,
1106 1995 1256 2040 Christi
1291 2011 1448 2039 carnem
1475 2010 1498 2038 e
1521 1995 1652 2039 Maria

106 2067 212 2111 nullo
233 2067 348 2110 modo
375 2081 464 2110 esse
489 2075 726 2125 susceptam.
788 2067 925 2124 Quare
948 2082 1034 2110 cum
1058 2066 1380 2123 religiosissimus
1405 2066 1480 2108 iste
1505 2063 1650 2108 Vitatis

106 2135 302 2179 dominum
334 2143 508 2178 nostrum
534 2134 663 2178 lesum
689 2134 890 2179 Christum
916 2150 1074 2179 carnem
1100 2149 1122 2177 e
1146 2133 1275 2177 Maria
1302 2135 1473 2177 traxisse
1495 2134 1650 2190 praedi·

105 2212 239 2258 naret,
284 2205 425 2247 iterum
458 2218 479 2245 a
514 2204 628 2247 nobis
662 2204 928 2260 interrogatus
959 2211 1043 2256 est,
1090 2218 1181 2246 num
1213 2210 1254 2245 et
1279 2203 1447 2245 animam
1479 2202 1651 2244 indidem

104 2273 337 2331 accepisset.
398 2272 468 2314 lue
500 2273 583 2329 pari
618 2273 815 2328 gravitate
840 2287 887 2315 ae
916 2272 1136 2316 constantia
1167 2263 1369 2328 accepisse
1405 2271 1536 2312 fassus
1571 2277 1648 2322 est,

104 2355 231 2399 neque
256 2342 373 2385 aliter
407 2341 662 2383 asserendum
677 2372 689 2392 ‚
733 2341 803 2382 sed
826 2340 866 2382 in
891 2340 1070 2383 omnibus
1104 2340 1205 2396 quod
1228 2353 1365 2381 verum
1390 2346 1449 2381 est
1478 2352 1652 2395 pronun-

106 2410 279 2453 tiandum
305 2423 395 2452 esse
417 2409 532 2451 dixit.
593 2407 809 2451 Enimvero
838 2422 1003 2451 neeesse
1032 2415 1094 2451 est
1118 2422 1206 2450 eum
1229 2407 1294 2463 qui
1318 2408 1365 2449 de
1390 2407 1556 2448 veritate
1580 2406 1651 2448 ho-

105 2477 274 2521 minihus
309 2477 456 2520 scribat
490 2484 573 2519 toto
597 2476 714 2518 animi
746 2483 887 2518 conatu
909 2477 948 2519 in
970 2477 1008 2519 id
1035 2490 1153 2519 unum
1178 2475 1403 2518 incumbere
1428 2481 1470 2516 ut
1489 2474 1550 2516 dei
1576 2473 1652 2516 sihi

106 2545 284 2589 timorem
306 2545 357 2589 ob
377 2546 512 2588 ocutos
537 2551 749 2602 proponat,
782 2557 907 2600 neque
928 2544 1066 2587 falsum
1089 2544 1291 2600 quicquam
1315 2556 1362 2585 ac
1384 2549 1652 2584 temere-eon·

106 2614 236 2659 fletum
265 2615 313 2657 ad
343 2621 564 2670 susceptam
595 2612 848 2669 scriptionem
879 2612 1105 2655 admisceat.

220 2681 343 2739 igitur
365 2681 509 2725 Vitatis
534 2682 739 2724 humanam
761 2695 783 2722 a
806 2678 967 2722 Christo
993 2681 1160 2723 animam
1192 2686 1412 2736 susceptam
1437 2692 1526 2721 esse
1554 2691 1649 2720 cou-

108 2750 236 2794 fessus
266 2758 343 2793 est.
405 2748 475 2793 Sic
497 2750 600 2792 enim
635 2749 786 2791 aiebat:
821 2746 992 2791 Omnino
1016 2750 1212 2804 perfectus
1236 2748 1350 2789 homo
1372 2744 1556 2790 Christus
1576 2760 1650 2789 ex-

108 2817 199 2861 titit.
260 2817 413 2861 Deinde
444 2826 645 2876 postquam
680 2818 726 2858 de
756 2817 883 2858 anima
921 2823 960 2857 ct
990 2830 1109 2858 carne
1142 2816 1331 2858 sciscitati
1366 2829 1525 2867 sumus,
1568 2822 1649 2857 tum

109 2886 260 2930 demum
282 2886 384 2930 istud
409 2887 458 2929 ab
484 2901 532 2929 eo
558 2886 839 2942 quaesivimus,
872 2883 1102 2926 Mentemne
1127 2882 1311 2926 Christus
1333 2883 1513 2926 dominus
1537 2897 1649 2926 acce-

109 2954 190 3013 pit?
247 2952 345 2998 Siue
365 2955 440 2997 ulia
461 2956 709 2998 cunctatione
729 2953 902 3011 negavit.
962 2951 1065 2995 Tum
1089 2965 1161 2995 uos
1184 2966 1235 2995 ex
1261 2953 1446 3006 adverso,
1479 2951 1647 3010 Quinam

1720 2688 1800 2735 ΟΨ·

1693 2735 1824 2771 xxiv.
