2020 3276
473 235 654 272 PANARn
677 235 761 270 Lm.
786 235 845 269 ΙΙΙ.
868 235 976 269 ΤΟΜ.
997 235 1040 268 ll.
1065 234 1197 268 EAER.
1219 233 1412 268 Lxxvffl.
1627 225 1708 264 445

163 315 379 374 scriptione
411 317 763 373 complecteremur
793 316 856 372 qui
893 329 1094 357 sacrarum
1130 314 1328 356 literarum
1356 313 1562 356 veritatem
1586 313 1711 369 perci-

162 397 262 443 pore
299 384 482 437 student,
527 398 652 440 neque
686 391 836 426 temere
865 383 1114 425 sermonibus
1146 382 1359 432 insultare,
1400 389 1466 423 aut
1508 387 1710 423 contume-

165 451 306 497 liosa-
337 452 411 496 sibi
442 453 538 509 ipsis
573 452 743 509 linguam
776 452 1008 509 producere.
1082 449 1196 505 Quod
1228 451 1260 492 si
1302 450 1365 505 qui
1402 449 1592 506 refragari
1627 463 1709 491 ma-

164 520 261 573 tint,
301 534 350 563 ae
368 522 512 578 spretis
535 521 694 564 utilibus
726 534 825 576 quae
856 519 916 562 his
937 520 1134 561 contraria
1160 526 1252 560 sunt
1274 517 1454 574 amplecti
1474 532 1497 560 a
1518 518 1631 560 nobis
1651 517 1710 559 in-

162 587 267 633 hio
293 589 557 646 usurpandum
590 588 682 632 illud
710 589 809 641 erit,
850 591 928 641 Qui
946 590 1076 636 audie,
1121 590 1276 636 aialim,-
1318 591 1387 641 qm·
1406 596 1609 628 contumax
1633 594 1704 635 est,
1757 593 1867 659 ξιεῇὶ

163 665 368 700 munna·
387 666 480 707 esto,
513 671 558 699 ac
579 671 704 714 neque
722 657 926 714 apostolis,
959 669 1084 712 neque
1107 655 1220 697 uobis
1242 656 1406 710 amplius
1429 656 1618 698 molestus
1637 655 1705 697 sit.
1776 650 1787 665 ⁹
1840 650 1848 658 ’

166 723 281 782 Quae
303 726 408 768 enim
427 726 721 782 religiosissima
743 732 781 767 et
802 725 995 768 ecclesiae
1019 726 1216 766 fructuosa
1238 738 1327 766 esse
1350 725 1592 780 putabamus,
1615 724 1711 766 haec

165 795 215 838 de
241 794 490 838 sanctissima
520 795 672 851 virgine
701 808 835 836 sumus
867 794 1061 850 professi;
1107 799 1151 834 nt
1185 792 1270 835 eius
1297 793 1551 849 patrocinium
1587 793 1713 835 susci-

165 876 349 920 peremus
382 877 482 919 quae
509 867 643 916 gradu
670 865 889 916 plenissima
918 869 998 903 est.-
1043 868 1085 903 ut
1121 859 1281 903 Gabriel
1313 861 1466 903 locutus
1498 869 1583 914 est,
1626 865 1710 902 Ave
1727 871 1895 910 Lucina.

160 933 445 986 mpla«,
477 934 648 973 dommus
677 940 811 972 tecum.
874 929 989 986 Quod
1015 929 1048 972 si
1074 943 1160 971 cnm
1185 929 1270 985 ipsa
1295 930 1474 971 dominus
1501 937 1584 981 est,
1617 945 1711 986 quo-

165 999 281 1042 modo
304 999 469 1042 alterum
497 998 719 1056 coniugium
748 998 953 1042 admisisse
976 999 1132 1055 potest?
1190 996 1398 1053 Quonam,
1430 997 1612 1054 inquam,
1647 1014 1711 1055 pa-

165 1075 231 1111 eto
256 1082 357 1125 quae
379 1068 510 1110 carnis
545 1067 865 1110 consuetudinem
893 1061 1079 1119 haberet,
1123 1081 1146 1108 a
1173 1067 1330 1108 domino
1363 1068 1515 1109 servari
1546 1067 1713 1109 dicitur?

164 1134 386 1180 Enimvero
408 1136 534 1179 sancti
554 1150 691 1179 omnes
712 1150 854 1190 magno
877 1136 916 1177 in
941 1136 1090 1178 honore
1112 1141 1218 1178 sunt.
1282 1134 1431 1177 Horum
1456 1142 1518 1178 est
1537 1135 1711 1191 gloriosa

164 1205 347 1262 νηπίους
378 1204 516 1247 horum
547 1219 598 1247 ex
626 1205 697 1246 hac
722 1205 803 1247 vita
823 1205 1021 1246 discessus
1043 1204 1089 1246 ad
1114 1203 1395 1261 perfectionem
1419 1205 1605 1247 transitus
1632 1213 1708 1256 est,

165 1273 393 1316 eorumdem
414 1273 455 1316 in
484 1273 670 1316 felicitate
698 1287 812 1325 sors,
855 1274 895 1315 in
916 1272 1173 1314 sanctissimis
1199 1273 1406 1314 domiciliis
1428 1273 1533 1315 inter
1551 1274 1707 1329 angelo-

165 1355 251 1385 ru·
273 1341 418 1384 choros
441 1349 674 1394 versantur,
707 1341 896 1384 habitatio
921 1342 960 1383 in
981 1341 1117 1393 coelo,
1150 1341 1355 1398 occupatio
1375 1341 1414 1383 in
1438 1341 1563 1384 sacris
1587 1343 1711 1384 literis

164 1417 250 1464 est,
290 1410 410 1453 decus
443 1424 489 1452 ac
511 1411 696 1466 splendor
718 1409 958 1466 sempiterno
978 1409 1017 1451 in
1044 1410 1194 1452 honore
1221 1409 1423 1461 consistit,
1469 1424 1582 1466 quem
1607 1411 1710 1452 nulla

163 1478 390 1522 coniectura
420 1485 551 1535 potest
580 1479 760 1535 assequi3
802 1478 975 1535 praemia
998 1478 1165 1534 denique
1189 1478 1228 1520 in
1252 1476 1413 1521 Christo
1440 1477 1530 1521 lesu
1554 1478 1710 1521 domino

162 1554 303 1591 nostro
331 1546 455 1604 posita
494 1554 611 1599 sunt,
658 1561 729 1604 per
755 1561 869 1603 quem
901 1555 940 1589 et
978 1561 1144 1603 quocum
1176 1547 1301 1603 gloria
1331 1547 1428 1603 patri
1455 1562 1542 1590 cum
1570 1555 1708 1590 sancto

164 1615 305 1673 spiritu
332 1614 375 1657 in
404 1617 586 1667 saecula,
620 1615 765 1658 Amen.

276 1680 428 1727 Omnes
460 1697 533 1726 vos
562 1684 705 1726 fratres
736 1684 941 1741 plurimum
974 1684 1160 1726 salutant.
1223 1682 1309 1727 Vos
1339 1684 1512 1727 vicissim
1544 1685 1707 1727 salutem

163 1751 345 1795 omuibus
367 1753 431 1810 qui
459 1754 558 1810 apud
584 1766 657 1795 vos
679 1760 771 1795 sunt
794 1753 979 1795 fratribus
1008 1752 1151 1806 dicite,
1195 1752 1268 1795 hoc
1293 1760 1355 1795 est
1377 1754 1553 1796 fidelibus
1579 1754 1709 1797 since-

163 1833 233 1863 rae
254 1820 341 1863 fidei
366 1821 606 1873 cultoribus,
640 1822 703 1877 qui
724 1821 945 1879 superbiam
965 1828 1223 1874 aversantur,
1256 1821 1320 1878 qui
1342 1822 1582 1864 Arianorum
1604 1837 1709 1864 com·

164 1887 412 1941 tunionem,
455 1897 500 1932 et
521 1888 835 1933 sabellianorum
859 1890 1096 1947 proterviam
1123 1891 1317 1942 oderunt,
1361 1891 1423 1947 qui
1451 1892 1709 1933 consubstan-

164 1954 298 1999 tialem
318 1956 530 2000 trinitatem
554 1959 779 2015 prolitentes
803 1959 967 2001 adorant
987 1965 1134 2016 patrem
1161 1966 1200 2001 et
1221 1959 1338 2001 lilium
1358 1967 1398 2001 et
1419 1960 1596 2017 spiritum
1619 1975 1709 2003 san·

165 2029 295 2076 etum,
337 2031 420 2068 tres
453 2039 643 2081 personas
664 2034 704 2069 et
736 2042 850 2069 unam
880 2027 1138 2070 substantiam
1172 2042 1218 2069 ac
1244 2028 1485 2070 divinitatem
1518 2043 1710 2085 unamque

164 2091 349 2148 gloriam,
380 2092 522 2150 quique
542 2095 590 2136 de
610 2096 771 2137 salutari
794 2096 1079 2139 incarnationis
1104 2096 1249 2138 domini
1270 2098 1459 2154 mysterio
1483 2098 1639 2140 sincere
1663 2112 1708 2139 ae

166 2159 264 2203 eitra
297 2174 474 2204 errorem
506 2162 700 2216 sentiunt,
745 2178 792 2206 ac
832 2161 1032 2207 Christum
1069 2165 1181 2222 plane
1213 2165 1406 2207 hominem
1447 2180 1536 2208 esse
1568 2167 1707 2208 iactum

165 2229 460 2286 perlectumque
479 2230 592 2272 deum
612 2244 659 2273 ac
677 2232 890 2288 perfectum
910 2233 1104 2275 hominem
1124 2233 1379 2286 arbitrantur,
1413 2234 1560 2291 peccati
1582 2235 1708 2276 omnis

165 2305 392 2355 expertem,
434 2298 498 2354 qui
521 2312 664 2355 corpus
687 2300 734 2341 de
757 2298 886 2342 Maria
908 2301 1128 2358 susceperit
1150 2317 1228 2345 una
1251 2317 1336 2344 cum
1355 2304 1489 2345 anima
1514 2310 1554 2344 et
1578 2309 1708 2344 mente

166 2366 387 2423 ceterisque
421 2366 561 2422 quibus
600 2366 796 2410 bominum
828 2376 967 2411 natura
992 2376 1168 2423 constat,
1210 2371 1310 2413 adeo
1342 2378 1484 2413 utnon
1511 2372 1586 2413 duo
1611 2370 1706 2423 sint,

165 2434 236 2477 ted
259 2448 360 2477 unus
378 2434 580 2488 dominus,
628 2449 804 2492 unusque
826 2437 945 2490 deus,
990 2452 1090 2480 unns
1113 2452 1211 2491 rex,
1254 2454 1353 2481 unus
1376 2440 1579 2497 pontifex,
1612 2439 1708 2481 deus

166 2508 209 2545 et
239 2501 381 2555 bomo,
414 2502 529 2545 bomo
554 2517 600 2546 ae
623 2504 742 2556 deus,
775 2518 854 2546 non
875 2505 978 2557 duo,
1008 2506 1077 2549 sed
1102 2521 1224 2559 unus,
1258 2508 1439 2563 inquam,
1471 2521 1522 2549 ex
1545 2507 1709 2564 duplicis

165 2577 331 2614 naturae
353 2572 629 2615 coniunctione
653 2572 867 2625 conflatus,
899 2587 977 2616 non
1004 2581 1047 2616 ut
1071 2574 1212 2631 aliquid
1236 2577 1464 2627 confusum,
1497 2582 1564 2617 aut
1587 2576 1626 2617 in
1650 2576 1708 2618 ni·

165 2636 285 2682 hilum
307 2640 506 2683 redactum
526 2641 593 2693 sit,
625 2641 694 2683 sed
714 2641 753 2683 in
774 2654 824 2683 eo
845 2640 976 2683 omnia
998 2642 1078 2685 sint
1095 2644 1143 2685 ad
1166 2658 1355 2687 summam
1379 2644 1532 2686 divinae
1556 2645 1707 2700 gratiae

166 2707 541 2753 administrationem
573 2711 762 2767 perfecta.
826 2707 983 2751 Valete.

280 2775 368 2820 Ηοο
391 2778 580 2835 epistolae
603 2778 786 2835 exemplo
809 2777 1005 2829 contenti,
1049 2780 1148 2835 qnod
1184 2779 1231 2821 ad
1268 2779 1420 2822 illorum
1452 2780 1707 2823 refellendum

166 2857 343 2888 errorem
374 2846 554 2890 idoneum
589 2855 674 2899 est,
717 2861 763 2888 ac
793 2846 888 2888 satis
923 2859 1117 2903 superque
1149 2847 1280 2903 egisse
1313 2862 1386 2890 nos
1414 2847 1615 2902 arbitrati,
1659 2850 1707 2892 ab

167 2910 242 2957 bae
270 2913 423 2958 haeresi
457 2915 726 2967 discedemus,
770 2928 883 2971 quam
914 2915 1110 2971 serpentis
1133 2929 1154 2958 e
1181 2915 1372 2958 foramine
1394 2916 1620 2973 prodeuntis
1649 2918 1708 2960 in-

212 3025 245 3062 3.
269 3028 356 3061 Libri
377 3029 471 3071 vulno
493 3026 598 3073 ἡμᾶς.
1005 3029 1036 3062 5.
1061 3026 1238 3073 ὁμοοῠσιον
1260 3031 1327 3065 eod.
1352 3031 1482 3074 mdia.

212 3068 245 3106 4.
267 3069 346 3117 ὑμῖν
366 3074 456 3109 σου.
477 3083 551 3109 mn.
596 3072 679 3119 ἡμῖν
701 3076 773 3109 zum
795 3075 880 3109 eam.
