2020 3276
4 2727 26 2954 ‘mua—us·-
11 2619 22 2691 Α...

674 233 1106 268 ΑΝΔσΕΡΗΑιΛΕοειε.
1576 222 1658 265 553

118 315 265 360 -ὶηιι
290 321 495 372 postquam
525 311 654 357 Maria
688 314 802 369 virgo
824 311 1017 356 Nazareti
1049 328 1072 356 a
1097 312 1285 356 Gabriele
1315 314 1527 356 coelestem
1560 326 1661 355 nun-

117 382 213 428 θυι
235 382 410 441 accepit,
442 397 488 425 ac
514 382 674 425 verbnm
699 381 792 424 illud
817 381 990 437 genitum
1016 389 1101 435 est,
1143 383 1243 439 quod
1268 381 1432 425 coelitus
1454 396 1476 424 e
1498 389 1662 438 paterno

117 450 209 496 sin·
227 451 391 511 prodiit,
434 458 524 494 ante
550 457 704 507 tempus
723 456 841 506 atque
862 449 1014 491 initium
1039 464 1155 492 omne
1183 451 1435 506 productum,
1479 451 1662 505 idemque

119 514 312 565 anemis
333 519 574 576 temporibus
596 518 806 575 allapsum,
849 518 946 560 deus
970 519 1131 560 verbum
1157 533 1178 560 a
1199 520 1273 561 deo
1298 527 1408 576 patre
1427 533 1568 562 revera
1593 532 1664 574 ge-

118 587 247 643 nitus,
289 588 542 644 eiusdemque
574 601 660 630 cum
688 586 755 629 illo
781 586 1052 638 substantiae,
1094 600 1170 629 nec
1192 587 1268 629 ulla
1290 601 1333 630 re
1355 602 1377 629 a
1405 594 1514 644 patre
1537 594 1662 629 muta-

118 663 205 714 tu,
249 657 319 700 'sed
354 656 634 700 vicissitudinis
670 669 716 696 ac
748 654 974 696 mutationis
1008 662 1049 696 et
1081 655 1299 697 affectionis
1335 657 1462 698 omnis
1496 670 1665 713 expers,

119 723 199 783 Qui
221 738 310 769 enm
337 724 435 767 citra
456 716 574 767 ullam
593 724 712 766 animi
733 722 1035 766 commotionem
1060 723 1219 779 generis
1250 725 1374 766 nostri
1398 725 1580 766 misertus
1605 726 1664 766 l'o-

117 801 203 847 ret,
243 793 447 837 descendit
471 806 494 835 e
518 792 657 845 coelo,
698 805 744 833 ac
770 792 819 833 de
844 790 983 848 spiritu
1013 798 1173 843 sancto,
1216 807 1293 834 non
1317 806 1338 835 e
1369 792 1470 835 virili
1495 794 1661 844 semine,

119 860 332 920 productus
365 876 501 906 verum
526 874 667 918 corpus
690 874 712 902 e
734 857 867 902 Maria
891 859 1088 915 suscepit,
1130 874 1217 902 cnm
1238 874 1260 902 e
1278 868 1416 903 saneto
1440 861 1525 904 eius
1550 869 1664 903 utero

118 940 279 975 curnem
303 930 380 974 sibi
399 930 604 982 finxisset,
647 928 930 984 humanamque
965 935 1044 969 tum
1072 928 1264 980 animam,
1308 937 1387 971 tum
1413 938 1582 971 mentem
1604 931 1664 971 in-

119 999 292 1052 duisset,
335 1013 381 1043 ac
403 997 585 1056 quicquid
615 996 774 1038 omnino
806 1010 894 1038 cnm
927 995 1084 1038 homine
1107 997 1357 1039 coniunctum
1379 1005 1463 1050 est,
1507 1004 1667 1054 praeter

118 1074 322 1127 peecatum
344 1082 495 1119 secum,
528 1080 576 1108 ac
595 1079 682 1107 cum
707 1063 912 1107 divinitate
929 1078 1000 1107 sua
1023 1066 1261 1122 copulasset.
1324 1064 1421 1108 lnde
1447 1065 1666 1109 Bethleenii

47 1180 54 1187 ,
119 1138 160 1181 in
181 1137 310 1182 lucem
331 1136 485 1188 editus,
517 1142 634 1190 atque
658 1133 938 1186 circumcisus,
982 1131 1271 1191 Hierosolymis
1292 1135 1444 1177 oblatus
1466 1142 1550 1184 est,
1594 1135 1668 1176 ibi-

118 1218 195 1264 que
217 1219 240 1248 a
260 1203 464 1263 Symeone
483 1203 589 1246 inter
619 1201 779 1244 brachia
801 1208 1032 1257 susceptus,
1075 1209 1114 1244 et
1140 1202 1188 1244 ab
1214 1203 1333 1245 Anna
1353 1202 1567 1246 Phanuelis
1589 1203 1667 1245 lilia

120 1274 366 1333 prophetissa
390 1272 663 1329 praedicatus,
695 1268 940 1312 Nazaretum
963 1271 1191 1326 deportatus
1211 1281 1287 1314 est.
1351 1271 1456 1314 Tum
1477 1287 1581 1314 anno
1604 1286 1668 1314 se-

120 1336 255 1401 quenti
284 1355 330 1385 se
355 1354 486 1385 coram
514 1341 587 1381 deo
621 1337 958 1395 repraesentavit,
1004 1346 1119 1394 atque
1151 1339 1242 1382 inde
1277 1338 1547 1383 Bethleemum
1579 1355 1668 1397 pro-

119 1419 208 1470 pter
229 1410 391 1468 generis
414 1408 741 1466 propinquitatem
767 1421 788 1448 a
816 1413 940 1448 matre
970 1408 1121 1450 delatus
1154 1416 1230 1450 est.
1293 1407 1374 1452 Sed
1405 1423 1561 1451 rursum
1583 1407 1668 1452 Na-

119 1486 296 1524 metum
319 1478 479 1521 rediens
499 1491 603 1519 annio
624 1478 748 1517 altero
771 1482 951 1517 vertente
974 1474 1277 1534 Hierosolyma,
1320 1484 1501 1532 gestante
1524 1485 1665 1531 matre,

120 1549 331 1608 perductus
361 1554 438 1590 est.
499 1543 719 1588 Bethleemi
752 1558 869 1600 porro
894 1558 981 1586 cum
1005 1546 1052 1586 ad
1076 1546 1195 1586 aedes
1219 1547 1401 1601 quasdam
1430 1560 1516 1588 cum
1543 1554 1668 1588 matre

119 1630 168 1662 ao
201 1616 365 1674 losepho
399 1614 652 1665 divertisset,
695 1612 759 1668 qui
792 1612 870 1654 iam
904 1613 1041 1668 grandi
1075 1621 1166 1655 natu
1197 1628 1283 1656 cum
1317 1612 1449 1656 Maria
1484 1615 1666 1671 degebat,

121 1687 296 1731 secundo
332 1684 380 1727 ah
403 1682 622 1726 Nativitate
646 1695 750 1723 anno
773 1681 819 1736 (a
841 1679 993 1736 Magis)
1027 1689 1246 1724 conventus
1281 1696 1327 1724 ac
1363 1682 1477 1724 donis
1508 1690 1670 1725 ornatus

121 1761 200 1805 ent.
260 1752 410 1797 Eadem
433 1765 530 1794 vero
555 1757 672 1792 nocte
690 1763 776 1791 cum
803 1750 990 1805 losephns
1016 1763 1086 1806 per
1106 1751 1299 1793 somnium
1324 1751 1372 1793 ab
1397 1752 1539 1808 angelo
1564 1759 1671 1794 esset

121 1821 344 1866 amonitus
371 1820 411 1864 in
443 1820 669 1876 Aegyptum
706 1818 958 1860 transfertur.
1032 1816 1145 1861 Unde
1175 1833 1313 1862 rursus
1348 1827 1436 1876 post
1449 1786 1669 1863 t'biennium

122 1897 277 1935 mortuo
305 1890 382 1932 iam
414 1887 572 1931 Herode
602 1901 649 1929 ac
677 1887 915 1929 succedente
945 1886 1143 1929 Archelao
1173 1888 1402 1931 revertitur.

240 1955 442 2014 Siquidem
474 1970 577 1998 anno
614 1954 784 1997 Herodis
816 1956 1023 2007 XXXlll.‚
1067 1955 1237 2012 Augusti
1268 1958 1408 2011 XLll.‚
1452 1955 1671 2000 Bethleemi

124 2026 165 2069 in
191 2027 332 2071 indaea
367 2024 543 2068 salvator
574 2023 763 2066 nascitur.
827 2022 932 2066 Tum
969 2023 1139 2066 Herodis
1161 2022 1349 2068 XXXV.
1382 2026 1422 2068 iu
1448 2027 1669 2084 Aegyptum

123 2095 325 2152 profectus
355 2100 432 2136 est.
494 2091 644 2134 Eodem
674 2090 834 2134 Herode
868 2100 1022 2135 mortuo
1054 2092 1102 2134 ab
1125 2092 1310 2151 Aegypto
1343 2095 1472 2137 rediit.
1535 2093 1672 2150 Quare

123 2175 291 2206 necesse
316 2167 377 2204 est
399 2161 597 2203 xxxvii.
628 2159 802 2202 Herodis
833 2174 938 2202 anno
963 2168 1142 2217 quartum
1178 2163 1318 2205 aetatis
1345 2178 1441 2206 suae
1470 2164 1672 2221 puerulum

123 2231 281 2288 egisse,
323 2243 409 2273 cum
434 2226 641 2280 Herodes,
685 2228 866 2284 inquam,
909 2237 1059 2286 septem
1085 2244 1130 2272 ac
1154 2231 1313 2287 triginta
1347 2233 1538 2274 confectis
1560 2232 1674 2273 annis

123 2298 284 2343 vivendi
310 2299 424 2341 linem
447 2296 593 2339 habuit.
652 2293 751 2338 Post
773 2296 875 2339 hunc
899 2298 1119 2340 Archelaus
1142 2313 1283 2343 novem
1311 2302 1424 2343 annis
1444 2300 1671 2357 imperavit3

124 2381 201 2426 qno
229 2381 396 2425 regnum
428 2366 588 2408 ineunte
616 2364 803 2421 losephns
834 2378 887 2407 ex
913 2366 1101 2423 Aegypto
1132 2381 1218 2409 cum
1243 2367 1373 2411 Maria
1401 2383 1446 2411 ac
1474 2382 1594 2425 puero
1615 2368 1672 2409 di·

123 2450 311 2494 gressus,
357 2434 420 2478 ubi
456 2432 696 2476 Archelaum
733 2432 926 2489 imperare
959 2434 1116 2486 didicit,
1162 2436 1200 2477 in
1234 2435 1450 2479 Galilaeam
1488 2436 1671 2488 secessit,

123 2518 170 2549 ao
192 2512 271 2549 tnm
292 2502 512 2548 Nazarethi
535 2500 728 2543 consedit.
791 2498 978 2543 Ceterum
1002 2502 1224 2546 Archelaus
1251 2503 1451 2547 Herodem
1482 2505 1673 2547 iuniorem

123 2574 285 2631 gennit,
329 2572 394 2630 qui
417 2586 522 2614 nono
547 2569 669 2627 patris
700 2583 803 2610 anno
825 2568 865 2611 in
891 2569 1096 2627 imperium
1126 2573 1335 2615 successit.
1399 2574 1580 2629 ldemque
1605 2587 1675 2614 an-

123 2656 199 2687 ans
222 2657 246 2685 a
267 2639 471 2685 nativitate
496 2637 645 2682 Christi
674 2638 780 2679 xm,
810 2639 1076 2682 numerandus
1096 2648 1172 2683 est.
1237 2638 1546 2684 Octavodecimo
1570 2655 1673 2684 anno

169 2754 223 2792 77.
247 2753 468 2799 α’λλοιωμένον
490 2755 557 2787 cod.
584 2752 737 2793 madia„
758 2755 787 2784 et
806 2752 875 2785 eod.
920 2755 1020 2794 princ

123 2802 187 2837 len.
210 2810 232 2835 o
254 2810 296 2835 m.
318 2811 369 2843 pr.
967 2799 1022 2833 bt.
1064 2796 1255 2844 ἰτυέπριψε
1300 2799 1334 2844 (7
1346 2796 1558 2846 excerptos)
1604 2802 1672 2835 cod.

169 2846 224 2883 78.
252 2849 331 2890 Vuta
332 2857 351 2881 ο
383 2849 459 2891 λειφ
461 2846 570 2881 θέντα.
618 2845 725 2877 petav.
750 2853 788 2875 ex
813 2844 877 2876 Pa·
925 2845 1051 2885 Rhedta.

124 2894 217 2927 narb
250 2894 371 2927 volebat
406 2858 640 2937 ἀπενεχθέντα,
705 2890 879 2921 Carnarius
966 2892 1021 2923 1¹52.
1054 2889 1199 2931 „Melius
1227 2884 1267 2925 οὖ
1299 2889 1333 2925 ἐν
1359 2888 1451 2938 ἄρχῃ
1480 2893 1546 2936 τῆς
1601 2903 1675 2928 οισι-

124 2940 217 2972 wrtit
241 2944 426 2983 assumptus
449 2939 481 2971 in
509 2938 608 2970 Nazm
615 2941 661 2968 et.
707 2936 761 2967 Sic
780 2936 878 2975 poulo
923 2934 1014 2973 λείας
1051 2933 1184 2976 iffae-32⁴&
1220 2938 1370 2970 petavius
1439 2939 1536 2980 Vulpo
1586 2941 1675 2973 istin-

93 3028 97 3031 v
125 2985 212 3027 &isra
233 2982 496 3028 παραληφὲεέντα
521 2982 570 3022 εἰς
596 2982 768 3024 Αἴγυπτον
920 2985 1020 3023 fluunt
1043 2980 1101 3016 τὸν
1125 2980 1215 3036 βίον,
1237 2978 1421 3062 Ἀρέιέλαος
1442 2982 1482 3019 at
1503 2987 1571 3019 cett.

170 3029 224 3066 79.
248 3029 293 3074 τῇ
317 3031 419 3063 omiss.
444 3031 477 3062 tn
500 3030 571 3061 edit.
598 3029 706 3062 Petuv.
967 3028 1020 3061 1-3.
1049 3029 1132 3060 Edui
1156 3028 1219 3071 τῆς
1243 3026 1296 3061 Γα
1331 3027 1436 3068 λαίας.

171 3075 224 3110 &0-
250 3074 518 3119 παραλειφῧέντα
543 3076 635 3108 codd.
658 3083 730 3106 mss.
754 3076 782 3106 et
805 3073 878 3106 edit.
969 3074 1021 3107 m.
1048 3074 1134 3107 Libri
1158 3076 1251 3116 vulgo
1274 3072 1448 3119 Ναζαρέθ.
