2020 3276
331 242 516 277 raum!
539 241 701 275 mmm.
722 241 835 275 ToM.
850 242 892 274 ll.
929 241 1090 275 Expos.
1115 241 1202 274 ΡΠ).
1226 240 1418 275 cA'rfloL.
1456 232 1459 234 ’
1565 231 1648 273 497

100 341 150 362 ’πί
170 339 177 358 ²-
211 322 302 368 nae
320 330 413 366 aaut
433 322 552 378 igitur
569 319 739 364 LXXX
758 321 1027 372 concubinae,
1070 335 1233 377 quarum
1256 334 1444 363 numerus
1462 318 1651 376 exprimi·
1676 318 1755 362 cap.
1778 318 1838 351 ¹³(-

98 400 192 446 Μ’,
230 390 395 449 1·ςίωο
417 403 572 447 quoque
593 390 684 432 illae
705 389 813 445 ipsae
832 397 948 442 sunt,
993 391 1080 432 sive
1103 390 1284 441 animae,
1317 402 1417 446 quae
1440 402 1511 444 per
1529 401 1652 443 gene-

99 461 276 506 rationes
296 467 581 510 recensentur,
623 458 696 500 hoc
718 466 780 500 est
800 458 875 500 viri
897 466 1014 514 atque
1038 458 1301 514 patriarchae.
1363 457 1652 500 Adulescentu-

100 529 327 587 boporro,
367 541 531 584 quarum
550 525 643 569 iniri
665 541 854 569 numerus
878 541 956 568 uon
980 533 1136 583 potest,
1178 527 1310 569 varias
1333 526 1652 583 pbilosophorum

101 602 255 650 tadu,
286 610 389 654 quae
410 597 451 638 in
474 596 656 638 mnndum
674 596 922 637 introductae
942 602 1056 648 sunt,
1098 609 1146 637 ac
1167 595 1326 637 diversa
1347 595 1654 650 uniuscuiusque

101 665 261 711 siva-di
281 665 461 708 instituta
477 664 719 721 significant,
751 678 916 720 quorum
938 664 1053 706 laude
1073 663 1191 719 digua
1215 663 1292 705 alia
1315 670 1422 714 sunt,
1455 663 1531 704 alia
1553 663 1655 704 vitu-

101 734 292 793 peranda.
351 732 501 789 Ecquis
522 733 627 775 enim
650 733 781 775 mundi
807 732 921 774 huius
950 732 1183 774 varietatem
1208 733 1465 788 percenseat?
1525 730 1656 787 Quam

101 803 249 848 multae
267 802 370 860 apud
388 802 558 857 gentiles
577 801 678 844 aliae
700 808 832 844 sectae
854 808 942 858 post
965 801 1311 843 manifestissimas
1334 800 1420 842 illas
1444 801 1493 842 de
1516 799 1656 856 quibus

102 872 257 929 affin-e
287 878 454 927 quatuor
482 870 746 926 pullularunt?
804 869 1030 925 Quinetiam
1064 876 1152 926 post
1184 870 1272 911 illas
1301 869 1490 911 haereses
1521 883 1567 910 ac
1593 881 1657 910 se-

102 947 271 998 qnenoee
300 939 448 982 diversi
480 939 677 981 bominum
711 939 830 981 animi
866 946 907 980 et
934 938 1140 994 opiniones
1171 938 1335 980 iuvenili
1362 938 1528 994 quodam
1556 937 1660 978 fastu

103 1008 407 1066 tangentiaque
438 1007 612 1064 privatas
645 1015 776 1050 sectas
806 1022 876 1063 pro
912 1021 983 1050 sua
1012 1007 1156 1063 quique
1187 1007 1347 1049 libidine
1381 1006 1655 1048 condiderunt.

103 1074 252 1135 utputa
276 1074 490 1134 Pyrrhonii
519 1075 674 1132 quidam
702 1076 970 1133 appellantur,
1013 1076 1158 1132 aliique
1190 1076 1411 1132 complures
1438 1082 1531 1117 sunt
1563 1089 1660 1130 quo-

105 1159 192 1189 run
221 1145 380 1191 nornina
411 1159 459 1187 ac
482 1144 642 1186 decreta
673 1145 900 1200 singillatim
934 1152 974 1186 et
997 1145 1135 1187 ordine
1162 1146 1351 1187 referam.
1412 1144 1475 1186 Ae
1498 1144 1592 1185 licet
1611 1144 1660 1185 de

106 1214 240 1258 multia
258 1213 448 1256 hactenus
467 1213 740 1268 cognoverim,
773 1220 892 1269 quota
919 1227 1009 1269 pars
1033 1221 1164 1255 tamen
1191 1228 1326 1255 eorum
1351 1220 1429 1264 est,
1453 1227 1553 1268 quae
1578 1219 1660 1254 toto

109 1283 207 1326 orbe
231 1283 469 1325 versantur?
498 1280 566 1323 Ex
587 1282 638 1323 iis
663 1296 780 1338 porro
804 1282 925 1324 sectis
948 1282 1152 1338 gentilium
1174 1282 1247 1324 hae
1270 1282 1452 1338 propriae
1476 1282 1660 1333 luerunt3

106 1351 214 1395 inter
244 1364 344 1408 quas
374 1349 557 1392 Thaletis
586 1348 736 1392 Milesii
776 1349 1001 1406 opinionem
1042 1365 1089 1393 ac
1119 1352 1260 1407 dogma
1289 1351 1422 1407 priore
1451 1350 1540 1392 loco
1572 1364 1663 1406 pro-

107 1433 268 1478 ponam.

223 1487 375 1531 Thales
395 1488 529 1544 itaque
544 1485 728 1529 Milesius
752 1502 854 1529 unus
873 1502 894 1530 e
919 1486 997 1529 Vll
1017 1487 1261 1544 sapientibus
1280 1487 1510 1544 principium
1531 1500 1663 1529 rerum

108 1557 281 1601 omnium
305 1571 446 1613 aquam
469 1570 559 1599 esse
583 1556 699 1598 dixit.
760 1555 867 1598 Nam
887 1570 941 1598 ex
965 1571 1067 1613 aqua
1085 1556 1181 1598 oriri
1204 1557 1359 1609 omnia,
1402 1564 1443 1599 et
1463 1556 1502 1598 iu
1525 1569 1664 1612 aquam

109 1625 242 1669 onnia
270 1625 435 1668 resolvi.

223 1693 540 1745 Anaximander,
571 1691 797 1736 Praxiadae
817 1694 935 1745 lilius,
967 1692 1153 1736 Milesius
1174 1700 1215 1735 et
1236 1694 1322 1751 ipse
1345 1693 1537 1736 inlinitum
1560 1693 1667 1750 priu-

112 1763 255 1821 eipium
287 1763 460 1805 omnium
495 1762 714 1805 constituit.
752 1761 845 1818 ,Ex
877 1777 926 1805 eo
955 1763 1059 1805 enim
1091 1762 1223 1804 omnia
1257 1762 1392 1815 nasci,
1440 1770 1480 1804 et
1511 1762 1550 1804 in
1574 1762 1667 1804 illud

112 1845 240 1889 aeque
267 1831 446 1874 dissolvi.

226 1898 525 1951 Anaximenes,
559 1898 763 1956 Eurystati
787 1900 912 1953 lilius,
944 1898 1152 1951 Milesius,
1193 1903 1326 1942 aerem
1352 1899 1582 1956 principium
1604 1913 1669 1942 re·

116 1982 205 2012 rn-
230 1981 325 2012 esse
351 1968 507 2020 delinit,
539 1969 588 2010 ab
617 1980 744 2022 eoque
776 1969 963 2011 universa
995 1983 1170 2012 manare.

230 2030 513 2094 Anaxa'goras,
548 2035 789 2093 Hegesebuli
810 2037 927 2090 lilius,
961 2036 1259 2089 Clazomenius,
1283 2037 1560 2080 similitudines
1582 2051 1670 2094 par-

119 2106 216 2148 tium
244 2105 476 2163 principium
504 2118 637 2147 rerum
668 2106 838 2148 omnium
871 2120 961 2149 esse
990 2107 1143 2149 statuit.

235 2173 459 2225 Archelao,
505 2173 763 2229 Apollodori,
809 2174 896 2217 sive
939 2183 982 2218 ut
1020 2175 1108 2218 aliis
1152 2175 1306 2233 placet,
1348 2173 1532 2217 Miltonis
1573 2175 1669 2227 lilio,

122 2241 363 2286 Atheniensi
385 2255 432 2283 ac
455 2240 641 2298 physico,
674 2242 802 2298 placet
821 2243 870 2285 ab
893 2250 1000 2286 terra
1022 2244 1154 2286 omnia
1177 2244 1371 2300 proficisci
1386 2276 1398 2296 ‚
1430 2244 1547 2299 idque
1574 2244 1672 2285 adeo

121 2325 255 2356 rerum
285 2324 378 2353 esse
408 2309 655 2367 principium.

238 2377 454 2430 Socrates,
499 2377 679 2434 Elbagli,
722 2378 808 2421 aive
841 2378 1098 2437 Sophronisci
1124 2389 1165 2423 et
1187 2379 1459 2423 Phaenaretae
1489 2378 1674 2422 obstetri-

124 2449 182 2492 cis
209 2448 336 2499 ttius,
380 2447 541 2489 moralis
568 2446 822 2503 philosophus
849 2462 948 2504 quae
982 2450 1031 2491 ad
1060 2463 1151 2492 sese
1176 2450 1375 2507 pertinent
1407 2449 1492 2491 sola
1528 2447 1675 2490 bomini

124 2516 357 2574 inquirenda
387 2516 510 2568 dixit,
544 2529 671 2571 neque
703 2523 911 2572 praeterea
941 2517 1164 2574 quicquam.

238 2582 494 2642 Pherecydes
524 2597 679 2640 quoque
710 2591 855 2626 terram
886 2586 1067 2628 omuibus
1098 2586 1268 2643 priorem
1300 2599 1391 2628 esse
1422 2586 1585 2628 definiit.

240 2650 512 2711 Pythagoras,
547 2650 732 2705 Samius,
763 2650 996 2696 Mnesarchi
1017 2655 1119 2698 filins
1137 2655 1252 2698 deum
1273 2668 1364 2697 esse
1387 2655 1594 2696 monadem
1613 2667 1679 2696 as-

129 2722 277 2774 seruit,
319 2735 448 2778 neque
479 2721 684 2777 quicquam
718 2722 805 2763 siue
836 2721 919 2778 ipsa
955 2722 1198 2779 productum.
1261 2722 1446 2778 Negabat
1477 2723 1553 2764 diis
1588 2735 1679 2765 esse

130 2790 316 2834 aui-alia
339 2790 621 2842 sacrificanda,
654 2797 723 2831 aut
744 2789 928 2832 animatis
948 2791 1212 2843 vescendum,
1244 2805 1291 2834 ac
1315 2805 1364 2833 ne
1392 2790 1501 2833 fabas
1525 2791 1679 2847 quidem

123 2859 420 2910 comedendas,
467 2872 594 2914 neque
631 2858 711 2900 vini
749 2866 880 2915 potum
924 2859 1166 2916 sapientibus
1204 2859 1463 2901 adhibendum
1505 2859 1678 2917 putabat.

134 2926 244 2971 ldem
266 2941 367 2984 quae
390 2928 492 2970 inl'ra
516 2927 645 2969 lunam
670 2934 761 2969 sunt
784 2926 956 2983 patibilia
987 2940 1077 2970 esse
1102 2927 1257 2970 dicebat
1278 2928 1430 2980 omnia,
1476 2928 1682 2986 superiora

114 3044 174 3089 ‚dc
195 3052 231 3076 eo
247 3043 391 3083 nom,
424 3043 508 3083 quod
530 3051 570 3075 e:
590 3039 807 3086 ἒρμαγλύφου
834 3043 888 3075 de·
936 3043 1090 3075 Thesauro
1112 3044 1173 3075 vot.
1189 3043 1236 3083 11,
1258 3052 1333 3084 ρος.
1360 3041 1433 3078 137.

136 3091 251 3122 mum
273 3096 336 3120 esar
359 3088 503 3127 videtne,
527 3088 649 3121 Ladon.
683 3089 826 3129 Dindors.
859 3091 892 3121 in

206 3143 326 3180 comus
343 3140 523 3171 uum-01.
535 3139 573 3169 11.
585 3141 612 3169 Ι.
1358 3147 1413 3190 32
