2020 3276
414 186 595 220 ΡΑΝΑιιιι
618 186 703 219 Lis.
722 187 780 219 ιιι.
799 185 909 220 Tou.
928 186 972 219 ιι.
996 185 1131 220 nan.
1151 186 1329 219 Lxxvn.
1566 176 1649 218 375

106 265 224 322 ish!
255 265 468 322 perfectum
501 265 608 307 illum
644 265 838 307 hominem
873 266 993 307 fuisse
1025 266 1192 307 censes?
1250 265 1312 307 Ad
1345 264 1440 307 haec
1469 264 1534 306 ille
1559 264 1651 307 inti-

105 333 330 378 manian
351 333 412 376 sui
435 347 577 376 sensus
599 334 712 375 nobis
734 333 908 388 aperuit,
942 340 996 383 et,
1030 332 1223 384 Eatenus,
1257 333 1397 389 inquit,
1431 333 1649 390 perfectum

105 400 298 445 “niuem
319 402 440 445 tuisse
465 402 651 453 dicimus,
684 403 717 444 si
741 401 984 443 divinitatem
1006 401 1061 443 illi
1088 402 1175 442 loco
1200 401 1342 443 mentis
1363 400 1648 454 adscribamus,

102 475 146 515 et
163 482 346 522 nmen,
387 476 504 526 etque
536 470 705 512 animam
738 470 1019 525 adiungamus,
1061 469 1119 510 sic
1150 476 1191 510 ut
1219 471 1416 525 perfectus
1448 468 1564 511 homo
1595 482 1650 512 ex

102 550 246 590 earne,
285 538 439 591 anima,
481 538 710 591 divinitate,
752 552 851 594 quac
887 538 939 579 sit
975 536 1116 578 mentis
1145 536 1291 586 instar,
1337 537 1499 579 existat.
1562 535 1651 579 Hoc

101 605 223 662 igit-t·
243 606 359 650 modo
383 607 628 664 deprehensa
657 606 696 648 in
721 607 787 648 illo
822 613 927 648 tanta
965 605 1230 647 contentionis
1256 605 1442 657 libidine,
1489 619 1575 647 cum
1601 604 1650 647 ad

101 687 190 718 eu-
212 688 296 717 rem
322 675 494 732 pluribus
520 676 852 732 disputassemus‚
885 681 926 715 et
947 687 1000 715 ex
1025 687 1225 714 sacrarum
1250 673 1449 715 literarum
1477 672 1650 716 auotori-

102 749 184 786 uto
201 743 596 800 comprobassemus,
629 743 856 785 necessario
879 742 990 784 fateri
1017 755 1089 784 nos
1113 748 1298 797 oportere
1322 741 1451 783 omnia
1480 755 1501 782 a
1526 740 1649 783 verbo

101 812 279 870 perfecte
301 811 423 854 luisse
455 818 664 868 suscepta,
710 811 810 853 etin
835 817 1032 867 assumpta
1066 823 1187 851 carne
1222 810 1394 864 perfecte
1425 809 1557 851 itidem
1582 809 1651 851 ad·

101 879 344 933 ministrata,
385 894 500 936 quam
525 887 613 936 post
641 880 971 922 resurrectionem
995 892 1104 920 suam
1135 879 1309 934 perfecte
1338 878 1412 920 sibi
1434 877 1647 934 copularit,

101 948 204 997 adeo
226 955 269 992 ut
291 949 454 992 eundem
477 949 592 990 modo
616 948 856 1004 spiritualem
879 947 1038 989 omnino
1061 946 1277 998 redditam,
1322 961 1399 988 non
1420 946 1559 998 aliam,
1602 960 1650 989 ac

102 1016 322 1069 divorsum,
365 1030 452 1059 cum
487 1018 643 1073 propria
667 1017 870 1058 divinitate
901 1015 941 1057 in
971 1014 1184 1070 semetipso
1214 1014 1462 1056 coniunctam
1491 1014 1648 1066 habeat,

102 1090 144 1127 et.
163 1098 243 1127 m
271 1098 324 1128 ex
349 1084 415 1127 itt·
445 1085 687 1141 perfectione
716 1084 900 1126 divinitas
930 1090 1166 1138 consurgat,
1215 1090 1331 1139 atque
1360 1082 1425 1124 illa
1450 1090 1649 1139 postremo

102 1159 241 1196 ntur·
269 1153 319 1196 nd
351 1154 556 1195 dexteram
587 1153 709 1210 patris
741 1152 781 1194 in
806 1152 918 1194 coelo
949 1159 988 1193 et
1013 1152 1052 1193 in
1079 1151 1342 1207 sempiternae
1373 1150 1650 1194 dominationis

103 1235 151 1264 se
194 1222 307 1278 regni
343 1221 624 1277 augustissimo
664 1222 805 1263 throno
840 1220 1058 1263 consideat.
1121 1219 1232 1262 Haec
1274 1219 1337 1261 ubi
1371 1218 1647 1268 disseruimus,

101 1303 190 1332 eum
209 1290 365 1346 utrique
386 1289 484 1346 parti
505 1297 664 1346 propter
689 1290 904 1331 animorum
930 1288 1182 1345 pertinaciam
1201 1289 1572 1344 contentionemque
1590 1287 1650 1329 ni-

101 1358 154 1401 bil
179 1359 531 1415 persuaderemus,
581 1372 624 1399 re
648 1359 792 1400 infecta
823 1357 1091 1400 discessimus.
1155 1354 1398 1398 intellectum
1421 1370 1519 1398 vero
1545 1355 1651 1398 istud

101 1433 186 1478 est,
233 1441 312 1469 non
350 1426 397 1468 de
434 1427 517 1468 sola
547 1432 678 1468 mente
711 1426 1010 1482 disputationem
1047 1425 1146 1467 hanc
1177 1424 1266 1467 illos
1304 1425 1532 1480 ingressos,
1576 1424 1648 1466 sed

100 1500 263 1552 praeter
281 1494 374 1537 illud
397 1494 446 1535 dc
469 1501 599 1536 mente
623 1494 725 1536 aliud
753 1507 907 1551 quoque
930 1495 1068 1549 dogma
1092 1493 1254 1535 sectari.
1314 1492 1516 1535 Interdum
1542 1493 1648 1535 enim

100 1577 151 1606 ne
182 1563 351 1606 unimam
386 1562 539 1618 quidem
574 1560 775 1604 Christum
807 1564 1067 1618 assumpsisse
1100 1562 1293 1603 serebant.
1370 1558 1523 1604 Contra
1548 1574 1649 1616 quae

97 1631 192 1675 illud
212 1631 516 1683 obiiciebsmus‚
561 1630 665 1686 Quid
691 1632 846 1673 tandem
876 1631 1018 1687 putatis
1045 1644 1135 1672 esse
1160 1631 1357 1672 mentem?
1415 1627 1647 1673 Utrumuam

100 1699 326 1756 hypostasin
360 1713 450 1742 esse
483 1700 673 1755 quandem
709 1700 748 1741 in
775 1699 931 1741 homine
956 1698 1144 1740 creditis?
1201 1696 1412 1754 Multiplex
1442 1705 1503 1740 est
1529 1697 1649 1754 igitur

99 1766 232 1811 bomo.
301 1767 464 1811 Achaeo
498 1767 696 1809 nonnullis
728 1767 906 1823 placebat
947 1767 1040 1809 nihil
1065 1780 1155 1810 esse
1192 1773 1361 1808 mentem
1395 1766 1498 1808 aliud
1532 1779 1649 1822 quam

98 1834 300 1893 spiritum,
341 1836 406 1892 qui
446 1836 589 1878 homini
623 1836 767 1892 passim
800 1837 839 1878 in
872 1836 1078 1892 scripturis
1113 1835 1310 1877 tribuitur.
1374 1833 1523 1876 Verum
1555 1849 1644 1877 cum

101 1910 271 1961 mentem
292 1917 533 1960 nequaquam
558 1904 735 1960 spiritum
766 1918 855 1947 esse
880 1904 1267 1956 demonstraremus,
1311 1917 1363 1945 ex
1389 1917 1438 1945 eo
1464 1903 1565 1960 quod
1588 1903 1646 1945 di-

99 1977 209 2014 uerte
227 1971 387 2028 scripsit
411 1972 636 2029 apostolus,
678 1975 842 2014 Psallam
866 1981 1007 2021 mente,
1048 1974 1210 2026 psallam
1230 1980 1271 2012 et
1287 1975 1448 2025 spo-itu,
1495 1972 1641 2014 multus

101 2052 149 2081 es
170 2039 219 2082 de
242 2052 288 2082 re
312 2039 425 2082 uobis
448 2046 561 2082 natus
582 2048 643 2082 est
662 2055 816 2092 sermo,
860 2054 932 2083 nec
951 2041 1047 2098 ipsis
1071 2048 1199 2083 tamen
1222 2040 1468 2082 contentiose
1490 2047 1644 2083 certau-

102 2106 204 2150 tibus
233 2108 470 2164 persuadere
500 2108 711 2164 potuimus.

213 2173 360 2218 Postea
392 2189 489 2217 vero
522 2189 609 2217 cum
642 2177 848 2219 nonnullos
874 2190 926 2219 ex
961 2177 1010 2219 iis
1035 2176 1136 2219 hunc
1160 2178 1198 2219 in
1223 2177 1378 2219 modum
1407 2177 1644 2232 aggredere-

101 2257 211 2297 mur,
253 2241 357 2299 Quid
393 2244 575 2286 tandem?
620 2258 709 2286 num
745 2244 970 2301 hypostasin
1008 2259 1098 2286 esse
1132 2252 1300 2287 mentem
1337 2244 1542 2287 asseritis?
1583 2243 1645 2286 cui

100 2325 187 2354 oum
207 2311 259 2354 its
278 2311 430 2368 quidam
450 2319 704 2353 occurrerent
729 2319 769 2353 ut
796 2313 1021 2369 hypostasin
1043 2321 1236 2369 negarent
1259 2327 1348 2355 esse
1366 2313 1467 2369 quod
1487 2312 1543 2353 eis
1557 2326 1646 2367 per·

101 2393 352 2423 suaseramus
378 2395 456 2422 non
480 2380 515 2422 id
538 2393 628 2421 esse
652 2388 844 2431 mentem,
877 2394 1003 2437 neque
1024 2385 1197 2435 spt'rae’tum
1220 2384 1325 2423 illam
1347 2380 1410 2436 qui
1430 2380 1647 2437 appellatur

100 2450 281 2498 mma,
316 2463 402 2490 cum
426 2449 613 2504 scriptum
635 2447 708 2499 sit,
739 2450 901 2489 Psallam
923 2457 1064 2499 mente,
1103 2452 1265 2504 psallam
1290 2457 1329 2490 et
1350 2451 1511 2502 spiritu,
1556 2461 1644 2489 cum

100 2517 291 2560 adversus
316 2516 410 2558 haec
437 2516 530 2558 nibil
554 2516 742 2558 haberent
767 2516 868 2572 quod
893 2525 1158 2574 opponerent,
1203 2524 1281 2559 tum
1306 2531 1448 2572 urgere
1472 2515 1531 2558 sic
1554 2529 1646 2557 coe-

101 2584 250 2642 pimusz
294 2583 337 2627 Si
363 2599 474 2627 mens
502 2599 579 2626 non
604 2584 825 2641 hypostasis
849 2591 930 2636 est,
978 2586 1046 2627 sed
1073 2586 1192 2628 totius
1225 2584 1452 2642 hypostasis
1485 2590 1646 2626 nostrae

101 2652 287 2708 quedem
317 2653 462 2705 motio,
509 2667 596 2694 cum
624 2651 823 2695 Christum
850 2659 1019 2695 mentem
1052 2666 1142 2695 esse
1175 2653 1245 2695 hac
1272 2667 1325 2695 ex
1351 2659 1460 2709 parte
1496 2652 1644 2705 velitis,

102 2719 271 2766 eundem
290 2721 446 2763 minime
469 2722 746 2763 subsistentem
779 2719 943 2775 fingitis,
987 2734 1034 2763 ac
1065 2721 1198 2763 verbis
1227 2728 1341 2763 tenus
1368 2729 1405 2762 et
1428 2719 1560 2776 specie
1586 2727 1645 2762 to-

101 2793 180 2831 uim
204 2787 296 2830 illud
321 2789 519 2844 negotium
548 2788 830 2831 incarnationis
851 2787 1014 2831 obiisse.
1074 2787 1212 2831 Nihilo
1235 2789 1359 2843 magis
1385 2788 1431 2830 ad
1461 2788 1558 2830 hacc
1580 2802 1645 2831 ru·

101 2877 247 2923 gloriose
286 2878 490 2924 spiritualem
535 2886 661 2919 totum,
710 2885 744 2912 et
780 2890 847 2911 non
938 2876 968 2912 4.
995 2880 1135 2913 Fortasse
1166 2880 1432 2921 transponendum
1459 2875 1543 2924 ημῖν
1576 2875 1642 2915 ἀπὸ

101 2923 219 2962 aliem.
259 2935 332 2957 eum
365 2925 498 2969 propria
528 2925 652 2958 deitate
682 2924 713 2957 in
742 2923 851 2968 seipso
896 2920 1014 2959 τούτου
1038 2935 1091 2959 οτι
1113 2921 1175 2970 οὐχ
1197 2925 1268 2959 κτλ.

102 2968 226 3004 unitam
247 2968 390 3011 hibere,
414 2977 584 3015 totamque
610 2970 722 3015 perfec
706 2970 815 3002 ctione
798 2981 850 3002 em
943 2969 1020 3004 Cu».
1036 2969 1149 3005 XXV.
1174 2988 1214 2998 -
1266 2970 1294 3005 l.
1323 2962 1390 3015 ἆρα
1411 2970 1588 3007 codd-uus

101 3025 200 3050 unum
220 3014 378 3048 deitatem
399 3016 571 3060 effecisse,
597 3023 630 3051 et
650 3015 767 3050 sedere
784 3018 851 3050 ute.

1682 1989 1799 2021 1.o.cr

1693 2025 1799 2062 1⁴,15·

1700 2187 1781 2231 Cap.
