2020 3276
332 234 517 269 mnam!
539 235 625 268 LlB.
647 236 705 269 ¹11.
723 235 835 270 ToM.
854 237 894 268 ll.
919 235 1074 269 EXPOS.
1098 235 1184 269 FlD.
1208 234 1400 269 cA'rHoL.
1560 227 1639 268 511

89 313 363 358 mitonem
388 328 435 356 ac
459 314 851 372 comprehensionem
875 314 1143 371 imperfectam
1170 329 1335 358 necesse
1359 314 1435 356 erit
1457 314 1640 370 relinqui.

88 379 289 440 Scriptum
321 389 385 425 est
416 383 545 435 enim,
587 385 906 424 Adolesoentulae
937 398 1098 437 quarum
1130 399 1204 424 non
1233 391 1292 424 est
1322 398 1514 424 numerus.
1581 382 1641 424 Ad

86 462 185 508 ῃ.
212 463 328 494 sacra
352 451 417 494 illa
454 451 650 508 pertinent
683 465 782 507 quae
810 452 848 493 in
877 452 1017 508 oppido
1043 451 1110 494 Sai
1136 460 1175 493 et
1195 450 1343 494 Pelusii
1361 485 1372 504 ,
1417 451 1580 495 Bubasti
1603 458 1643 493 et

86 517 220 577 Abydi
239 527 456 576 gcrunuir,
490 534 563 562 nec
586 534 662 562 non
687 528 726 562 et
753 520 917 562 Antinoi
946 519 1104 562 delubra
1121 552 1131 571 ,
1174 535 1262 562 cum
1286 521 1507 576 mysteriis,
1542 534 1642 576 quae

85 580 168 632 illis!
187 586 398 631 chuntur.
463 586 560 631 ltem
583 595 623 631 et
645 602 744 645 quae
769 586 980 641 Pharbeti,
1014 595 1082 630 aut
1107 589 1246 644 quibus
1273 589 1406 632 hircus
1429 605 1450 630 a
1476 588 1644 631 Mende-

85 655 161 700 οἱίι
184 656 351 708 colitur,
395 663 437 698 et
467 671 567 712 quae
611 657 651 699 in
688 656 914 699 aniritana
949 658 1221 713 praefectura,
1269 655 1547 710 Sebennitica,
1594 672 1641 699 ac

88 721 360 782 nicopolitana
395 725 663 768 celebrantur.
726 724 806 768 Sed
840 733 879 766 et
903 725 1045 767 alicubi
1071 724 1109 766 in
1136 725 1324 767 honorem
1358 725 1479 778 Seth,
1526 740 1640 781 quem

87 790 376 851 Typhoneum,
409 801 562 850 putant,
595 794 708 836 asino
734 793 834 836 ritus
856 808 902 836 ac
923 793 1169 836 ceremonias
1194 802 1400 850 peragunt.
1463 795 1544 836 Alii
1569 793 1642 836 'ri-

86 859 331 915 ibn-bont,
373 876 488 918 quam
522 863 832 919 interpretantur
853 861 1059 915 Hecaten,
1103 862 1168 903 alii
1194 861 1381 920 Nepthy,
1425 862 1488 904 alii
1511 862 1642 905 Ther·
1718 893 1730 902 .

86 930 208 984 nuli,
253 930 319 973 alii
355 929 447 973 lsidi
484 931 703 973 initiantur.
778 928 1008 973 Cuiusmodi
1045 931 1192 972 infinita
1236 931 1326 974 alia‘
1343 931 1418 973 dici
1461 939 1639 989 possunt,

84 1004 186 1056 qnae
204 998 407 1056 speciatim
429 1007 469 1042 ut
489 1007 776 1042 recenseantur
794 1000 981 1056 temporis
1003 999 1206 1055 plurimum
1228 1000 1469 1042 desiderent.
1531 998 1642 1054 Quo-

85 1067 191 1111 circa
221 1068 443 1111 summatim
482 1068 542 1110 bis
582 1068 716 1110 verbis
754 1068 932 1110 concludi
968 1074 1097 1124 potest
1127 1068 1305 1110 oratioz'
1326 1071 1644 1110 Adolescentulae
1668 1077 1846 1113 eante-1.

85 1149 246 1192 ματη
274 1151 351 1179 non
370 1145 431 1178 ese
446 1151 639 1178 numerus.
703 1134 805 1180 Sunt
835 1136 939 1178 enim
965 1137 1042 1178 alia
1071 1150 1188 1193 porro
1221 1137 1411 1193 mysteria
1441 1138 1642 1193 quamplu-

83 1204 211 1258 rima,
242 1211 284 1248 ct
303 1212 500 1248 sectarum
528 1219 574 1247 ac
594 1205 847 1248 schismatum
867 1205 1070 1247 architecti
1085 1237 1096 1256 ‚
1130 1205 1240 1247 velut
1260 1206 1361 1262 apud
1387 1204 1531 1248 Persas
1554 1204 1641 1247 Ma-

83 1273 248 1330 guaci,
292 1274 394 1331 apud
418 1273 641 1330 Aegyptios
673 1274 910 1331 prophetae,
955 1275 1162 1331 adytorum
1188 1281 1228 1316 et
1252 1288 1456 1316 sacrorum
1489 1275 1643 1316 antisti-

86 1349 164 1385 tes.
228 1339 325 1384 ltcm
357 1346 455 1399 apud
490 1340 733 1399 Babylonius
766 1341 832 1398 qui
867 1341 1069 1384 Gazareni
1108 1350 1325 1395 vocantur,
1370 1343 1571 1399 sapientes
1605 1351 1644 1385 et

83 1410 369 1454 incantatores.
432 1409 586 1465 Quibus
620 1419 660 1453 et
687 1409 871 1453 ludorum
900 1410 1028 1454 Evilei
1060 1426 1106 1453 ac
1132 1410 1400 1454 Brachmanes
1433 1412 1639 1460 accedunt,

27 1475 40 1513 Ϊ
83 1485 127 1522 ct
145 1477 392 1522 Graecorum
412 1478 695 1535 hierophantae
719 1487 759 1521 et
781 1480 942 1523 aeditui.
1003 1478 1095 1537 Nec
1121 1495 1198 1522 non
1223 1481 1388 1537 cynicae
1411 1488 1569 1532 sectae,
1601 1487 1642 1523 et

85 1547 250 1591 aliarum
281 1549 561 1604 propemodum
594 1548 832 1590 infinitarum
865 1556 1049 1591 auctores
1080 1548 1318 1605 philosophi.

196 1615 313 1674 Apud
337 1613 485 1659 Persas
511 1616 631 1672 igitur
652 1615 885 1673 Magusaei,
919 1626 960 1659 ut
979 1618 1088 1670 dixi,
1136 1632 1223 1660 cum
1246 1617 1349 1660 idola
1373 1617 1635 1669 detestentur,
1657 1624 1737 1670 cap.
1752 1626 1846 1660 xm.

80 1683 221 1729 aden
253 1691 383 1728 tamen
415 1685 477 1727 illa
511 1692 778 1736 venerantur,
822 1686 951 1742 ignem
986 1686 1194 1738 videlicet,
1245 1686 1375 1728 lunam
1412 1701 1459 1728 ac
1497 1687 1636 1728 solem.

83 1752 169 1798 Alii
194 1760 400 1812 practerea
435 1761 527 1796 sunt
564 1755 628 1809 qui
666 1755 704 1796 in
742 1753 913 1796 Graecia
947 1753 1056 1812 Mysi
1098 1762 1138 1795 et
1174 1754 1265 1796 Abii
1305 1762 1523 1808 vocantur,
1574 1756 1638 1811 qui

82 1820 349 1879 mulcete
374 1822 576 1875 victitant,
623 1830 662 1865 et
690 1830 886 1880 agrestem
918 1830 1035 1879 atquc
1071 1823 1255 1865 incultam
1288 1824 1404 1880 plane
1436 1824 1638 1880 regionem

83 1888 274 1934 hubitant.
335 1887 464 1946 Quam
496 1892 615 1934 multa
648 1892 697 1933 ab
722 1892 900 1934 humanis
923 1892 1093 1946 ingeniis
1118 1892 1248 1947 colligi
1281 1900 1471 1949 possunt,
1515 1894 1563 1935 de
1589 1893 1638 1934 iis

83 1957 150 2015 qui
173 1957 272 2002 tanti
295 1972 344 2002 cc
364 1966 442 2001 tam
468 1961 714 2003 excellentes
747 1961 964 2014 habentur,
1008 1968 1048 2003 et
1069 1975 1142 2017 qua
1166 1961 1214 2003 ad
1240 1961 1489 2003 laudabilium
1512 1964 1639 2002 adole-

81 2029 339 2071 scentulam
356 2041 483 2084 genus
505 2028 675 2072 adscribi
700 2030 869 2081 debent,
913 2044 1074 2085 quarum
1098 2046 1173 2071 non
1196 2039 1257 2071 est
1276 2045 1468 2071 numerus.
1533 2029 1637 2073 Nam

82 2095 184 2140 aliae
213 2097 544 2139 commendandae
580 2105 696 2150 sunt,
741 2098 842 2140 aliae
870 2098 1160 2155 vituperatione
1193 2099 1350 2154 dignae.
1413 2098 1516 2141 Nam
1540 2114 1638 2141 non-

84 2163 180 2208 nulli
202 2165 454 2222 reperinntur
471 2165 535 2221 qni
557 2179 608 2208 ex
628 2166 782 2223 privato
803 2167 963 2223 ingenio
980 2181 1162 2210 severam
1182 2168 1375 2223 quandam
1397 2168 1501 2211 vitae
1521 2167 1638 2210 disci-

83 2232 228 2291 plinam
254 2231 301 2276 a'c
328 2233 453 2289 legem
492 2233 745 2291 sibimetipsis
776 2235 1059 2287 condiderunt,
1105 2250 1150 2277 ac
1184 2235 1400 2293 prolixiore
1433 2252 1544 2279 coma
1571 2252 1637 2294 pa-

82 2301 160 2344 lam
186 2301 286 2344 etin
314 2302 485 2343 omnium
516 2302 641 2343 oculis
671 2303 902 2359 procedunt.
965 2305 1043 2346 Alii
1068 2318 1164 2346 vero
1192 2305 1317 2346 sancti
1349 2307 1492 2347 fratres
1517 2305 1555 2347 in
1583 2306 1637 2347 ci·

83 2369 174 2413 licio
196 2377 236 2412 ct
254 2369 388 2412 cinere
416 2370 519 2411 domi
554 2383 644 2412 sese
667 2371 894 2423 continent,
939 2372 1005 2415 alii
1038 2373 1204 2429 denique
1234 2374 1452 2430 asperrimo
1479 2374 1637 2415 vivendi

82 2437 264 2482 instituto
299 2453 346 2480 ac
369 2437 588 2481 durissimis
625 2438 782 2481 ieiuniis
815 2447 856 2481 et
880 2440 1079 2483 laboribus
1106 2441 1167 2482 dei
1194 2455 1333 2484 caussa
1360 2442 1554 2498 susceptis
1578 2442 1637 2483 iu-

82 2506 204 2550 venili
222 2507 388 2564 quadam
411 2507 637 2549 fortitudine
659 2514 698 2549 et
718 2509 893 2563 perfecta
922 2523 1017 2565 erga
1039 2523 1225 2567 sponsum
1246 2510 1490 2552 conscientia
1512 2511 1637 2552 omni—

82 2573 159 2618 bus
184 2574 359 2618 numeris
380 2575 599 2618 absolutam
627 2575 746 2617 vitam
772 2577 1014 2633 exprimunt.
1077 2578 1157 2620 Alii
1183 2578 1360 2630 demum,
1393 2579 1494 2634 quod
1522 2578 1637 2635 paulo

82 2649 177 2687 note
200 2643 309 2697 dixi,
354 2659 432 2686 non
459 2644 638 2696 sincere,
684 2645 753 2686 sed
784 2644 1048 2687 obstinatione
1071 2647 1236 2702 quadam
1262 2646 1403 2698 animi,
1445 2647 1553 2689 velut
1575 2655 1636 2704 ty-

82 2756 252 2780 ncrorum
289 2753 324 2780 et
355 2758 527 2791 magorum
546 2729 553 2734 ι
565 2746 665 2780 ‹luces
694 2750 842 2781 convertit
930 2749 962 2781 2.
989 2749 1084 2780 Vertit
1098 2750 1272 2782 Cor-narius
1291 2748 1355 2781 Alii
1375 2760 1456 2782 vero
1471 2757 1548 2782 sunt
1566 2761 1637 2783 rur·-

86 2793 270 2826 Omtoe.
884 2805 938 2825 nus
971 2792 1003 2825 in
1026 2793 1166 2826 Graecia
1196 2794 1305 2837 Mysi,
1335 2794 1494 2838 appellati
1523 2795 1594 2829 Abii
1618 2809 1637 2829 a

137 2837 187 2872 13.
225 2836 428 2883 Βραχμᾶνες
456 2834 632 2882 Ἑλλήνων
662 2841 839 2872 coniectum
885 2838 953 2871 vita
985 2838 1148 2881 neglecta.
1197 2840 1244 2880 Cf.
1281 2840 1404 2872 Homer.
1435 2841 1471 2873 11.
1495 2841 1590 2882 xm,
1614 2844 1636 2874 ι’)

83 2884 129 2916 Μ
150 2884 283 2917 Patami.
329 2886 389 2918 Nec
410 2894 447 2917 eo
471 2889 515 2917 est
537 2887 761 2926 improbabilis.
882 2888 909 2917 et
934 2884 967 2917 6.
1014 2885 1219 2917 Ser-abendam
1240 2886 1371 2925 [masse
1387 2882 1502 2931 ’Δβιοι
1531 2886 1636 2931 γάλα-

134 2926 186 2961 14.
223 2929 461 2963 Itescrtbendum
491 2934 633 2971 suspicor
664 2927 835 2973 νεωκόροι,
883 2928 937 2964 >ex-t
955 2939 992 2963 τε
1010 2928 1119 2964 ἵππων
1141 2930 1223 2970 κτλ,
1248 2931 1292 2963 ad
1309 2933 1510 2966 seoemenaos
1526 2942 1548 2966 n
1565 2934 1635 2974 Πυ-

87 2970 147 3008 καὶ
166 2972 330 3009 Κυνικῶν.
377 2978 551 3008 Carnarius
568 2978 715 3009 convertit
736 2976 834 3008 Baro·
883 2977 926 3007 sis
951 2976 1049 3008 Abies.

90 3028 155 3051 ma.
217 3018 312 3064 Apud
346 3019 494 3053 Graecos
528 3020 766 3065 hierophantae
805 3028 837 3054 οι
928 3020 959 3054 3.
985 3018 1045 3054 καὶ
1064 3023 1169 3055 onisc-
1186 3023 1220 3054 in
1238 3022 1310 3055 edit.
1333 3023 1440 3056 petav.
1460 3025 1566 3058 001οπ-
1585 3034 1634 3058 re-

85 3063 297 3097 meet-(lotum
321 3064 518 3110 Cynicorum
542 3066 722 3099 multitudo
745 3070 809 3100 ceu.
880 3070 942 3108 pet.

1 3149 11 3174 Ι
135 3108 213 3144 Cn».
232 3110 328 3144 xm.
354 3129 391 3136 —
442 3113 470 3146 1.
492 3113 642 3154 Suspicor
663 3111 713 3147 δὲ.
927 3112 959 3145 4.
986 3114 1128 3147 Fortem
1149 3111 1334 3157 νεανιότητί
1356 3125 1394 3150 τε
1415 3115 1460 3160 τῇ
1483 3117 1556 3151 κτλ.
