2020 3276
508 148 689 184 munit
714 149 800 182 Lm.
823 149 883 182 111.
907 149 1017 183 Tou.
1039 149 1066 183 1.
1090 148 1224 183 HAER.
1245 148 1407 182 Lxxm.
1653 139 1731 182 135

291 228 407 287 Quae
437 242 527 272 eum
563 228 617 270 ita
645 228 748 280 sint,
791 228 1040 270 contentiosa
1071 228 1137 270 illa
1165 228 1292 271 dubiis
1323 227 1371 270 de
1395 227 1514 271 rebus
1541 241 1643 285 quae
1667 242 1734 269 ca·
1757 215 1923 296 xggchm.

181 305 288 358 μι-
308 304 485 342 uestrum
507 303 695 352 superant
718 296 952 338 tractatione
975 297 1253 353 praetermissa
1279 297 1328 338 iis
1351 309 1451 352 quae
1473 310 1498 338 a
1519 296 1734 339 maioribus

178 365 390 423 advinus
406 365 673 408 inhaeremus.
736 362 839 419 Quis
864 371 927 406 est
950 364 1053 406 enim
1077 364 1144 420 qui
1177 364 1343 406 scientia
1368 365 1516 407 iactare
1536 379 1581 408 se
1611 373 1652 408 et
1673 364 1734 407 iu-

177 424 369 481 uolentia
401 434 545 477 audeat
577 433 744 485 efferre,
791 447 878 475 eum
911 432 976 475 ille
1008 432 1094 489 ipse
1127 432 1189 474 cui
1222 432 1354 475 divina
1394 434 1590 489 patefacta
1621 441 1730 487 suut,

177 505 249 559 'u‘
270 504 326 545 d
355 505 507 545 term
534 517 651 557 usque
674 503 816 543 eoelum
838 515 919 542 esse
939 509 1110 550 evectus,
1157 505 1227 554 qui
1248 504 1394 541 audivit
1420 517 1564 543 arcana
1594 504 1760 553 vei-best
1774 510 1844 540 eor.
1858 510 1936 547 ιιι.

178 584 267 617 m·
289 570 383 623 ille,
420 570 577 627 inquam
591 603 604 623 ,
643 573 773 611 carnis
792 571 946 611 stabulo
965 573 1154 610 coercitus
1177 572 1253 618 sit,
1286 584 1334 610 ne
1353 584 1395 610 se
1415 579 1647 624 arroganter
1663 587 1733 613 ea·-

179 641 360 685 nunu?
417 637 524 695 Quin
546 638 735 696 propheta
754 638 844 689 ille,
885 638 948 693 qui
973 636 1100 689 dixit,
1144 639 1302 678 Credidi
1313 646 1474 691 propter
1496 642 1597 693 quod
1615 647 1655 681 ct
1676 642 1733 681 lo·
1750 647 1803 678 Pu.
1816 648 1877 685 115,
1892 648 1938 679 ιο.

175 715 409 757 anam,
450 709 795 756 humamanam,
828 705 977 762 iuquit,
1010 720 1089 748 non
1114 712 1347 762 utcumque,
1380 706 1448 748 sed
1471 710 1595 748 ηιίιιιζς.
1661 706 1732 750 Et-

175 774 280 823 enim
312 782 459 833 quanto
489 774 653 832 quisque
677 775 725 816 ad
752 774 957 817 scientiam
990 773 1150 831 propius
1183 773 1341 816 videtur
1362 775 1576 827 accedere,
1620 782 1731 818 tauto

176 843 303 902 agi·
324 851 508 902 reputare
533 858 620 886 cum
646 843 777 886 auimo
799 857 874 884 suo
897 842 1014 884 debet
1041 842 1236 884 homiuem
1260 856 1304 885 se
1330 856 1437 885 esse.
1501 841 1591 898 Qua
1614 845 1662 886 de
1686 858 1730 887 re

174 913 265 956 audi
294 912 385 969 quid
419 913 486 955 ille
517 913 635 954 dicat.
708 914 794 965 Ego
830 925 918 952 vero
947 914 1036 952 divi
1063 914 1102 952 in
1131 925 1289 952 excessu
1317 927 1420 961 meo,
1469 915 1597 953 Omnis
1623 915 1732 954 homo

174 983 350 1026 nudat.
413 982 548 1037 ltaque
578 995 666 1022 cum
697 986 994 1037 praeceptorem
1017 979 1196 1021 veritatis
1218 979 1452 1031 habeamus,
1497 980 1626 1022 nullos
1649 995 1731 1023 am-

175 1049 278 1108 plius
309 1048 500 1093 humanos
537 1049 720 1091 doctores
751 1049 1031 1103 adiungamus,
1073 1049 1142 1090 sed
1168 1048 1268 1104 apud
1291 1062 1364 1090 uos
1396 1047 1471 1105 ipsi
1493 1049 1727 1105 cogitemus,

175 1131 223 1161 ω
241 1130 369 1175 neque
389 1117 608 1160 divinarum
630 1130 762 1159 rerum
786 1116 923 1158 modos
945 1123 986 1158 et
1007 1117 1208 1168 rationes,
1242 1130 1369 1173 neque
1394 1118 1602 1174 quidquam
1626 1118 1730 1160 aliud

175 1185 373 1234 curiosius
402 1185 650 1242 indagemus.
720 1183 774 1228 Ut
811 1186 915 1227 enim
948 1184 1016 1228 filii
1048 1184 1346 1242 generationem
1378 1186 1580 1242 explicare
1613 1200 1731 1228 nemo

175 1260 328 1312 potest,
369 1253 423 1296 ita
445 1261 484 1296 et
508 1254 663 1296 modum
687 1253 821 1306 illum,
861 1268 939 1310 quo
963 1261 1075 1310 pater
1096 1252 1256 1309 genuit,
1297 1267 1485 1296 enarrare
1513 1254 1643 1297 nullus
1662 1269 1731 1311 po-

174 1329 270 1368 test.
332 1320 481 1365 Verum
506 1322 597 1364 illud
623 1322 671 1364 ad
694 1321 910 1364 doctrinam
932 1322 1114 1364 sufficere
1138 1328 1336 1378 putatote,
1370 1325 1502 1364 Omnia
1516 1339 1592 1377 per·
1609 1327 1730 1378 ipsum
1748 1333 1934 1371 latumias.

172 1392 281 1447 suth
299 1398 405 1440 aaut,
438 1398 478 1431 et
496 1394 579 1431 sinc
603 1392 844 1445 tpsofizetum
864 1398 924 1431 est
938 1392 1050 1432 m'ltil.
1112 1388 1269 1433 Utinam
1294 1403 1392 1433 vero
1411 1391 1476 1433 det
1497 1392 1589 1434 illud
1616 1392 1730 1435 nobis

174 1458 379 1511 doninus,
421 1465 464 1501 ut
494 1459 629 1501 eadem
658 1473 734 1514 qua
758 1458 1007 1502 Abrahamus
1032 1458 1237 1515 prudentia
1262 1459 1453 1515 praediti,
1497 1474 1584 1502 cum
1610 1461 1727 1512 dixit,

171 1529 287 1573 Nunc
318 1530 430 1582 coepi·
453 1541 538 1568 cum
564 1529 713 1568 domim
742 1542 822 1567 meo
855 1529 1040 1581 colloqui,-
1086 1541 1157 1580 ego
1190 1541 1278 1568 vcro
1301 1542 1383 1568 sum
1415 1535 1519 1568 terra
1540 1536 1580 1569 et
1609 1532 1721 1578 σιἰιίε,
1744 1533 1821 1563 (ἔοι
1834 1534 1932 1572 1⁸,st

172 1596 274 1643 adeo
292 1602 431 1646 utnon
452 1595 660 1637 cedrorum
683 1593 826 1637 Libani
847 1595 974 1637 instar
997 1595 1238 1647 attollamur,
1269 1610 1313 1636 eo
1332 1599 1434 1650 quod
1452 1611 1527 1638 non
1548 1600 1587 1638 in
1608 1599 1728 1639 doctas
1781 1615 1804 1644 ι,
1817 1615 1886 1644 cor.

172 1666 359 1709 lum
384 1667 592 1718 sapientzhe
624 1665 769 1713 verbis,
812 1666 881 1704 sed
895 1665 1002 1718 fidei
1032 1667 1269 1705 emtitueione
1292 1668 1482 1719 perceptis
1512 1665 1728 1721 aequabilis
1796 1649 1814 1678 ²
1840 1650 1867 1678 ³⁶

171 1732 240 1777 illa
255 1746 305 1776 ae
327 1732 487 1789 pacifica
507 1732 701 1790 sapientia
723 1739 997 1789 comparatur,
1031 1732 1118 1785 det,
1151 1731 1333 1788 iuquam,
1378 1732 1490 1775 uobis
1516 1741 1557 1775 ut
1580 1747 1727 1789 nequa·

172 1815 288 1860 quam
312 1800 574 1853 haesitemus,
606 1815 744 1843 verum
770 1800 951 1857 quicquid
976 1801 1132 1843 taudem
1153 1814 1336 1856 agamus,
1370 1801 1444 1844 deo
1467 1815 1513 1842 ac
1538 1802 1654 1858 patri,
1688 1809 1729 1844 et

172 1884 260 1914 eum
295 1870 382 1927 ipso
413 1868 492 1912 lilio
514 1868 554 1911 iu
587 1868 728 1926 spiritu
754 1878 892 1912 sancto
914 1869 1152 1926 placeamus.
1214 1866 1290 1912 Cui
1315 1869 1464 1925 gloria,
1502 1870 1725 1927 imperium,

172 1938 323 1992 bonor,
355 1945 396 1980 et
424 1937 551 1980 virtus
581 1952 686 1980 nunc
715 1945 756 1980 et
781 1952 939 1995 semper
967 1937 1008 1979 iu
1030 1937 1188 1980 saecula
1215 1938 1487 1991 saeculorum,
1519 1938 1666 1981 Amen.

580 2017 825 2052 HACTENUS
849 2017 1039 2052 MELBTII
1062 2017 1316 2051 coNFEssto.

287 2141 477 2188 Ceterum
510 2141 707 2199 plerisque
739 2156 794 2185 ex
824 2143 975 2186 Ariana
1006 2142 1176 2185 factione
1209 2142 1336 2185 visum
1362 2150 1424 2186 est
1449 2143 1551 2186 hunc
1574 2157 1596 2185 e
1616 2141 1725 2186 Pon·
1790 2154 1873 2197 cap.

173 2212 253 2257 tie·
283 2212 447 2269 regione
479 2211 720 2263 transfert-03
763 2211 864 2266 quod
899 2211 994 2268 ipsis
1032 2218 1162 2253 tamen
1193 2211 1376 2263 minime,
1423 2219 1466 2254 ut
1493 2212 1720 2268 sperabant,
1740 2201 1907 2234 XXXW·

171 2280 412 2338 voluptatem
442 2286 482 2321 et
508 2278 629 2320 otium
663 2279 732 2320 sed
758 2278 973 2321 molestiam
1000 2279 1144 2321 attulit.
1207 2277 1333 2336 igitur
1356 2280 1631 2337 imperatorem
1659 2281 1725 2322 de-

173 2348 321 2393 latione
343 2362 414 2391 sua
438 2347 477 2389 iu
500 2346 694 2389 hominem
718 2354 991 2400 commovent,
1024 2348 1125 2404 quod
1152 2350 1365 2405 perfectam
1391 2355 1610 2390 creaturam
1634 2361 1725 2390 esse

173 2416 292 2461 fitium
317 2416 489 2474 profiteri
512 2415 648 2467 nollet,
682 2428 727 2456 ac
748 2415 902 2457 taudem
924 2429 946 2457 e
968 2430 1040 2458 sua
1063 2416 1157 2459 sede
1180 2417 1400 2458 deturbant.
1444 2415 1580 2472 ltaque
1605 2423 1723 2457 noctu

173 2484 215 2528 in
236 2485 398 2528 exilium
422 2485 648 2541 deportatus
672 2483 719 2524 ad
748 2483 842 2525 haec
877 2498 1000 2540 usque
1026 2491 1202 2541 tempora
1240 2484 1280 2526 in
1318 2484 1443 2541 patria
1477 2485 1603 2540 degit,
1642 2485 1724 2526 sin-

173 2553 302 2611 gulari
325 2553 474 2596 bonore
506 2567 553 2595 ac
576 2551 854 2595 benevolentia
876 2554 1195 2608 prosequendus,
1238 2567 1324 2595 cum
1350 2552 1398 2594 ob
1422 2552 1522 2603 alia,
1568 2559 1647 2595 tum
1673 2552 1723 2595 ob

175 2634 225 2666 ea
242 2634 343 2678 quae
371 2635 475 2665 nuuc
496 2619 698 2678 praeclare
723 2620 771 2662 ab
794 2634 842 2661 eo
861 2626 974 2676 gesta
1002 2620 1233 2673 didicimus,
1275 2627 1315 2662 et
1339 2621 1440 2676 quod
1464 2620 1721 2674 Antiocheni,

175 2688 317 2747 quibus
344 2689 410 2732 ille
441 2697 622 2747 praeest,
668 2689 863 2731 sinceram
895 2688 1009 2733 fidem
1043 2687 1117 2731 boc
1155 2695 1331 2744 tempore
1360 2689 1614 2744 profitentur3
1656 2690 1722 2747 qui

177 2757 320 2800 nullam
341 2758 522 2815 amplius,
555 2772 600 2800 ac
624 2771 674 2799 ue
699 2756 840 2799 leviter
862 2755 1034 2812 quidem,
1067 2764 1271 2799 creaturae
1294 2756 1530 2799 mentionem
1558 2758 1720 2811 faciunt,

177 2826 247 2868 sed
285 2834 432 2883 patrem
472 2834 513 2868 et
552 2826 669 2868 lilium
701 2832 742 2867 et
780 2825 957 2881 spiritum
997 2831 1174 2868 sanetum
1218 2824 1590 2870 consubstantialem
1630 2840 1721 2870 esse

178 2939 242 2973 bris
274 2948 330 2973 nec
363 2949 462 2973 manu
490 2942 631 2982 muts,
674 2949 730 2973 nee
763 2941 845 2980 typis
878 2941 1039 2980 expressis.
