2020 3276
453 194 634 229 raanan
659 195 815 229 niem.
838 195 953 230 τοΜ.
967 196 992 229 ι.
1015 195 1150 229 nanu.
1171 195 1311 229 Lxxv.
1575 186 1656 228 179

105 298 153 320 ην
191 273 306 320 ..sd
332 289 420 319 enm
441 275 588 318 nullum
610 274 871 318 succensendi
898 275 1052 316 modum
1080 276 1226 317 faceret
1250 274 1424 327 Ae'rins,
1467 274 1582 316 rixae
1608 287 1654 316 ac
1688 283 1768 328 cap.
1794 285 1833 317 ιι.

104 343 239 402 mia
268 343 311 387 in
340 342 426 386 dies
455 345 736 399 ingravescere
759 357 807 385 ac
839 349 996 384 mutuae
1018 343 1237 386 simultates
1260 343 1415 398 augeri.
1477 343 1540 385 Ad
1564 342 1661 384 haec

104 411 272 472 pan-i
289 411 448 469 quidam
470 425 649 454 rnaiores
671 420 712 454 et
729 411 947 453 calumniae
976 411 1170 452 adversus
1192 410 1442 454 Eustatliium
1469 411 1520 453 ab
1536 411 1662 453 Αὲιὶο

107 476 262 540 *egi-
337 477 499 523 interim
536 478 770 522 Eustatbius
803 480 1011 535 episcopus
1046 487 1251 521 evocatum
1288 481 1334 521 ad
1372 494 1464 522 sese
1496 478 1660 521 Αἰέιίιιιιι

104 548 302 602 ubere,
333 548 551 600 adhortari,
583 549 833 599 comminari,
863 548 999 599 irasci,
1031 547 1269 603 supplicare,
1303 562 1431 603 neque
1456 549 1662 603 quicquam

104 624 245 665 eta·-
280 616 343 660 bt·
375 617 496 660 rebus
523 617 697 659 efficere.
757 615 863 659 Nam
884 617 986 671 quod
1011 615 1061 657 ab
1087 615 1200 657 initio
1225 617 1477 658 constitutum
1504 617 1664 658 inchoa-

106 693 276 743 h-qae
315 686 470 738 suern,
511 686 713 740 ingentem
750 687 791 728 in
831 685 920 727 mali
957 684 1034 725 vim
1067 684 1211 740 erupit.
1280 682 1488 726 Postremo
1527 685 1665 726 relicto

104 748 381 810 modicorum
413 753 585 810 bospitio
617 753 783 796 discedit
814 753 976 795 Aerias.
1039 750 1130 807 Quo
1164 767 1218 794 ex
1248 759 1424 808 tempore
1446 752 1485 794 in
1510 766 1666 795 omnem

107 822 365 872 mio-em
398 822 574 864 intentus
610 821 720 864 velut
756 821 820 878 qui
855 821 1007 863 hostem
1042 821 1264 877 opprimere
1294 835 1341 862 ac
1367 821 1455 862 telis
1481 829 1666 878 appetere

108 891 480 944 mlversabat
501 905 545 932 se
570 891 608 932 in
634 904 772 932 omnes
795 897 926 946 partes
949 897 990 931 et
1010 890 1109 946 apud
1131 903 1269 931 omnes
1293 890 1534 932 calumniose
1557 891 1667 932 dein-

110 973 213 1018 σιμ
227 957 441 1003 fluminio
462 959 690 1002 detrahens.
734 957 830 1001 Non
849 958 884 1000 is
903 965 981 1009 est,
1009 957 1227 1014 inquiebat,
1258 957 1424 1014 amplius
1446 958 1510 1013 qui
1533 958 1667 1000 hacte-

108 1027 319 1081 ffldnit,
359 1027 431 1071 sed
460 1027 510 1069 ad
540 1041 623 1069 rem
647 1034 823 1069 attentus
852 1034 937 1079 est,
982 1034 1023 1068 et
1046 1026 1291 1068 cumulandis
1315 1026 1455 1082 opibus
1477 1033 1583 1068 totus
1609 1027 1668 1067 in-

114 1095 280 1141 nabit.
322 1094 440 1151 Quae
457 1095 614 1151 quidem
634 1109 705 1152 per
723 1108 916 1137 summam
936 1094 1172 1137 calumniam
1193 1094 1242 1137 ab
1263 1095 1388 1136 Aerio
1405 1095 1664 1136 iactabantur.

113 1163 349 1211 humi-s
368 1177 490 1216 vero,
534 1163 600 1219 qui
626 1163 820 1206 ecclesiae
844 1163 1003 1219 negotia
1027 1163 1243 1215 tractabat,
1290 1165 1424 1206 facere
1449 1163 1564 1205 aliter
1588 1178 1666 1206 non

112 1239 295 1292 purat,
326 1231 493 1288 ideoque
525 1231 778 1288 probabiliter
808 1231 905 1273 haec
933 1231 982 1273 ab
1011 1231 1137 1274 Aerio
1168 1232 1413 1274 dicebantur.

231 1298 422 1345 Ceteram
453 1300 645 1342 dubitabit
668 1300 833 1342 forsitan
858 1300 1024 1355 aliquis,
1059 1300 1243 1356 quoniam
1269 1301 1383 1343 Aer-ii
1407 1301 1521 1342 istius
1551 1315 1667 1342 occa-

115 1369 232 1416 βίοιο
261 1369 503 1413 mentionem
526 1367 722 1410 Eustathii
746 1369 933 1421 lecimus,
975 1383 1065 1411 num
1091 1369 1216 1424 ipsum
1238 1370 1395 1411 tandem
1417 1367 1667 1411 Eustathinm

113 1437 351 1485 maun
377 1436 629 1479 arbitremur.
689 1435 795 1479 Nam
829 1437 930 1492 quod
955 1437 1003 1478 ad
1026 1436 1112 1479 eius
1136 1437 1241 1479 vitae
1268 1438 1486 1480 institutum
1511 1438 1667 1490 attinet,

115 1519 198 1553 nan
219 1506 362 1563 .·pancis
385 1505 684 1548 admirationem
719 1504 884 1561 peperit.
947 1504 1025 1560 Qui
1049 1506 1196 1547 utinam
1223 1506 1271 1547 ad
1298 1513 1447 1548 rectam
1469 1519 1515 1547 ac
1539 1506 1669 1547 since-

115 1574 341 1626 ”fleu
363 1573 631 1617 adhaesisset!
696 1572 845 1615 Verum
878 1573 939 1615 liic
968 1573 1008 1615 in
1040 1573 1127 1615 Arii
1155 1574 1338 1629 dogmate
1360 1588 1381 1615 a
1407 1574 1597 1630 principio
1622 1574 1669 1615 ad

111 1642 232 1689 be-
273 1655 399 1699 nsqne
437 1641 734 1699 perseveravit,
781 1641 980 1697 nihiloque
1022 1642 1339 1698 persecutionum
1381 1641 1669 1684 calamitatibus

113 1711 257 1755 uelint·
275 1713 400 1754 factus
421 1717 498 1753 est.
560 1708 763 1766 Siquidem
789 1724 878 1752 cum
909 1708 1060 1752 Basilio
1086 1717 1127 1752 et
1148 1709 1313 1752 Eleusin
1342 1724 1388 1752 ac
1410 1711 1556 1753 ceteris
1581 1724 1670 1766 per-

114 1779 320 1828 noctatione
352 1780 523 1822 iactatus
546 1786 633 1830 est,
674 1793 721 1820 ac
744 1779 900 1821 videtur
930 1786 970 1820 et
992 1779 1039 1820 ad
1066 1777 1269 1820 Liberium
1295 1779 1435 1821 beatae
1457 1780 1671 1821 memoriae

111 1846 339 1893 Bona-um
359 1848 586 1905 episcopum
605 1862 692 1889 cum
715 1847 804 1889 aliis
824 1846 1020 1903 episcopis
1039 1848 1275 1902 legationem
1296 1848 1461 1900 obiisse,
1486 1855 1527 1890 et
1545 1861 1670 1904 expo-

114 1915 263 1961 litione
282 1916 398 1969 uni,
437 1929 536 1972 quae
567 1915 608 1957 in
634 1914 815 1958 Nicaena
849 1916 1003 1972 synodo
1029 1915 1230 1972 proposita
1254 1917 1404 1968 fuerat,
1447 1931 1494 1958 ac
1523 1916 1672 1958 sinceri

116 1985 312 2042 munis
329 1984 568 2042 professioni
588 1984 888 2039 subscripsisse.
950 1982 1095 2026 Postea
1118 1998 1239 2036 vero,
1272 1985 1381 2026 velut
1400 1999 1424 2027 a
1448 1999 1601 2027 sommo
1628 1998 1672 2027 se

117 2066 315 2099 maneant
334 2066 382 2096 ac
404 2052 577 2109 priorum
605 2052 855 2104 recordatus,
887 2054 935 2094 ad
959 2052 1151 2095 Ariauam
1172 2053 1388 2108 perfidiam,
1421 2067 1535 2109 quam
1560 2053 1673 2095 initio

114 2128 373 2179 susceperat,
412 2120 648 2177 respiciendi
683 2120 798 2163 finem
831 2121 979 2163 nullum
1017 2120 1166 2163 babuit.
1229 2119 1379 2163 Verum
1414 2122 1462 2163 ad
1485 2121 1670 2173 Aeriam,

118 2190 169 2235 de
195 2203 275 2249 quo
303 2189 507 2233 institutus
535 2202 558 2230 a
588 2188 704 2230 nobis
731 2203 866 2232 sermo
897 2188 994 2241 ruit,
1027 2189 1251 2231 revocanda
1283 2196 1347 2232 est
1375 2190 1519 2232 oratio.

234 2256 312 2305 Hic
337 2258 459 2315 igitur
482 2263 642 2314 propter
663 2256 855 2300 eiusmodi
886 2258 1063 2300 rationes
1085 2258 1258 2300 omnium
1295 2272 1425 2300 rernm
1459 2256 1675 2299 abdicatio-
1699 2263 1777 2308 Cap.
1797 2265 1853 2296 ιιι.

119 2341 212 2374 nen
229 2325 344 2370 initio
365 2340 459 2383 prae
477 2339 522 2367 se
549 2325 651 2367 tulit.
714 2322 868 2368 Deinde
902 2325 1198 2382 ptochotrophio
1223 2326 1362 2368 relicto
1387 2340 1568 2380 magnam
1594 2325 1672 2367 vim

19 2413 26 2439 ⁴.
116 2410 255 2442 mun
286 2395 491 2451 utriusque
527 2407 653 2435 sexus
686 2392 883 2436 hominnm
914 2394 1103 2447 abduxit,
1145 2395 1211 2450 qui
1239 2408 1377 2437 omnes
1401 2395 1451 2436 ab
1474 2394 1671 2445 ecclesiis,

24 2469 27 2474 '
115 2464 244 2523 agris,
275 2463 387 2522 pagis
406 2470 449 2504 et
470 2461 620 2518 oppidis
641 2461 892 2504 arcebantur.
953 2462 1015 2504 Ac
1045 2476 1331 2519 saepenumero
1364 2469 1469 2503 totus
1493 2462 1558 2504 ille
1581 2475 1673 2503 coe-

122 2540 186 2577 tus
210 2532 302 2576 nive
331 2532 512 2589 perfusus
536 2530 678 2587 passim
702 2543 772 2587 per
793 2543 950 2586 campos
977 2531 1049 2572 sub
1073 2531 1138 2572 dio
1165 2531 1355 2586 degebat,
1395 2536 1464 2571 aut
1486 2530 1534 2571 ad
1561 2541 1675 2585 prae·

122 2608 237 2660 rupta
257 2613 447 2644 saxorum
465 2599 665 2655 silvasque
690 2598 956 2653 confugiebat.
1018 2596 1092 2640 Est
1113 2606 1244 2640 autem
1268 2599 1371 2639 illius
1392 2598 1532 2652 dogma
1555 2611 1674 2653 supra

122 2668 292 2715 heminis
314 2675 471 2726 captum
491 2668 683 2710 furiosum
701 2674 742 2708 et
763 2665 947 2708 immane.
1011 2664 1190 2723 lnprimis
1212 2666 1316 2708 enim
1331 2698 1342 2717 ‚
1377 2663 1582 2720 Quanam,
1613 2665 1674 2707 in·

119 2735 224 2801 gaii,
253 2738 295 2780 in
318 2749 363 2780 re
385 2737 619 2795 presbytero
641 2734 847 2792 episcopus
873 2733 1099 2776 antecellit?
1156 2733 1317 2776 Nullum
1340 2733 1445 2775 intcr
1467 2740 1674 2790 utrumque

245 2853 394 2894 rubent
414 2847 494 2894 ’Δερ
497 2850 557 2886 (ου.
920 2848 998 2879 tile
999 2857 1053 2879 ιιιιι
1078 2858 1131 2879 mu
1113 2846 1182 2879 ualt
1211 2859 1269 2880 oua
1301 2854 1336 2879 tu
1339 2846 1397 2880 rab
1431 2846 1604 2892 vigilantes
1634 2859 1673 2881 ne

193 2895 299 2933 .17tu·
300 2895 683 2941 undam-mdia.
922 2892 1024 2925 sobrii
1070 2892 1391 2936 argizoetgebann

173 2941 252 2977 Car.
272 2943 329 2976 ΙΙΙ.
351 2960 397 2968 --
446 2942 474 2976 1.
509 2943 558 2975 un
592 2942 689 2975 edidit
721 2941 795 2973 Peat
776 2941 878 2972 avius.
969 2903 1062 2971 ,ἤειιη
1061 2905 1174 2992 aeneid.
1195 2948 1268 2972 mss.
1293 2939 1387 2972 ceca.
1406 2941 1505 2979 princ.
1526 2941 1674 2972 Petamus

126 2985 314 3043 νειφόμενον
334 2988 447 3021 hbent
464 2988 555 3020 codd.
570 2996 643 3020 mss.
668 2987 764 3018 e.ted
779 2995 850 3026 prm
852 2995 879 3016 c.
925 2984 1022 3016 edidit
1046 2994 1087 3017 nu

127 3030 312 3077 νηφομενοι
329 3034 476 3075 οοοιωυιι
500 3034 654 3066 Comrtu
635 3041 691 3072 u,·s
714 3034 791 3063 certe
811 3039 878 3062 v-er

1304 3088 1400 3130 12*
