2020 3276
445 197 626 231 ΡΑΝΑιιιι
653 197 735 231 ma.
754 198 812 230 ιιι.
834 198 945 231 Tou.
969 199 1010 231 ιι.
1035 197 1166 231 uma.
1188 197 1350 231 Lxxix.
1592 189 1675 230 455

126 282 213 328 rat,
256 288 373 320 acmo
406 284 448 319 ut
482 284 760 320 sacrosanctae
796 277 960 333 virginis
997 277 1281 319 vehementiori
1313 277 1477 332 quadam
1507 275 1676 318 admira·

127 343 235 389 tinae
255 352 454 401 pernotus
477 359 569 387 sese
587 345 635 388 ad
659 345 764 387 illius
788 345 964 387 haeresis
988 360 1113 400 nugas
1138 360 1183 387 ae
1207 345 1343 387 deliria
1368 352 1636 388 converteret.

239 411 315 457 Eat
336 413 440 456 enim
472 421 552 456 tota
584 415 660 456 ista
683 414 857 456 narratio
879 427 974 456 sane
1001 427 1114 469 quam
1138 413 1298 455 ridicula
1313 445 1324 465 ‚
1371 421 1411 455 et
1433 413 1674 456 anicularum
1715 414 1796 459 Cap.
1814 415 1855 447 V·

125 479 397 524 lucubratione
417 482 550 538 digna.
614 481 769 525 Etenim
793 496 959 538 quanam
987 482 1027 523 in
1051 482 1269 538 scripturae
1291 489 1400 538 parte
1422 482 1676 524 continetur?

125 547 229 605 Quia
251 548 525 606 prophetarum
550 565 718 607 unquam
734 582 746 602 ,
780 550 842 592 vel
868 550 1063 592 bominem
1089 550 1268 601 adorari,
1303 550 1443 592 nedum
1470 550 1674 592 mulierem

125 617 332 674 parniait?
389 616 635 675 Quamquam
665 619 769 661 enim
807 619 996 661 selectum
1029 619 1220 674 quoddam
1247 633 1317 660 vas
1343 626 1459 674 atque
1484 618 1673 660 eximium

122 685 200 738 sit,
232 682 484 729 nibilominus
509 688 649 730 mulier
674 695 759 739 est,
790 687 1043 742 eiusdemque
1074 701 1159 729 cum
1184 687 1328 728 ceteris
1353 694 1538 737 naturae,
1582 686 1676 728 lieet

120 753 252 797 naim
272 760 390 810 atquc
412 769 532 797 sensu
555 756 804 812 amplissimis
823 755 1036 797 bonoribus
1057 755 1197 797 affecta
1221 755 1297 806 sit,
1331 755 1491 811 perinde
1513 770 1560 797 ae
1581 756 1674 798 reli-

122 836 287 879 qnoru-
319 831 545 866 sanctorum
578 838 769 880 corpora,
812 831 881 866 aut
908 823 941 866 si
964 824 1052 879 quid
1088 824 1135 866 ad
1166 824 1329 879 gloriam
1353 839 1399 865 ac
1422 823 1673 879 splendorem

122 890 312 936 illustrius
335 893 520 935 attulero.
583 891 918 948 Quemadmodum
952 891 1085 943 Elias,
1130 892 1194 948 qui
1227 891 1275 933 ab
1300 899 1387 934 ortu
1412 906 1483 933 suo
1507 891 1672 947 virgini·
1689 899 1714 927 ⁴·
1732 898 1808 935 Res·
1826 899 1853 927 ²·

122 965 240 1003 tatem
264 967 454 1017 perpetuo
477 961 676 1014 servavit,
710 968 749 1002 et
773 961 812 1002 in
834 962 985 1003 eoelum
1012 967 1174 1002 evectus
1197 967 1274 1002 est.
1335 959 1387 1003 Ut
1414 958 1583 1002 loannes
1604 975 1673 1016 po·

122 1035 232 1080 stoa,
269 1031 342 1083 qui
359 1032 399 1070 in
414 1037 548 1083 pectus
567 1032 711 1071 domae'm'
728 1030 921 1078 recubuit,
969 1044 1076 1083 quem
1102 1029 1287 1082 diligebat
1313 1032 1433 1070 Iesus.
1498 1026 1551 1071 Ut
1581 1042 1672 1070 san·
1707 1032 1812 1098 ¹3⁸³&

121 1096 295 1139 etiaim
330 1097 393 1139 illa
417 1096 593 1149 Thecla,
637 1097 701 1140 cui
735 1104 864 1139 tamen
898 1098 1014 1154 longe
1050 1104 1110 1139 est
1146 1098 1418 1153 anteponenda
1453 1095 1584 1138 Maria
1619 1096 1669 1138 ob
1693 1088 1850 1139 01²3,ss-

121 1164 296 1208 coclcstc
325 1164 417 1207 illud
449 1167 676 1223 mysterium
709 1166 809 1222 quod
845 1166 883 1207 in
915 1165 1001 1207 eius
1026 1173 1138 1207 utero
1166 1167 1381 1222 perfectum
1409 1172 1485 1207 est.
1548 1164 1671 1220 Atqui

121 1246 195 1277 ncc
225 1231 336 1276 Elias
366 1234 590 1277 adorandus
611 1242 697 1286 est,
731 1233 886 1276 tametsi
910 1234 1034 1276 adhuc
1058 1241 1261 1291 superstes
1283 1234 1359 1285 sit,
1402 1247 1527 1289 neque
1555 1232 1671 1275 loan-

120 1314 215 1352 nca,
256 1301 349 1344 licct
372 1302 554 1358 precibus
578 1310 742 1344 mortem
766 1316 877 1344 suam
899 1302 1168 1344 admirabilem
1193 1317 1240 1344 ae
1263 1301 1502 1358 singularem
1528 1302 1671 1344 effece-

120 1370 195 1422 rit,
236 1370 299 1413 vcl
324 1370 362 1413 id
385 1371 513 1427 potius
539 1371 672 1412 divino
695 1371 747 1412 sit
771 1370 960 1412 beneficio
985 1378 1236 1413 consecutus.
1297 1369 1377 1412 Sed
1401 1385 1475 1412 nec
1498 1369 1667 1421 Thecla,

118 1445 188 1482 ant
206 1437 308 1481 alius
328 1438 520 1496 quispiam
540 1454 562 1482 e
585 1439 734 1482 sanctis
758 1440 957 1481 adoratur.
1020 1438 1114 1481 Non
1137 1439 1240 1480 enim
1265 1446 1379 1480 vetus
1399 1438 1512 1481 nobis
1532 1452 1670 1495 super-

118 1506 228 1550 stitio
249 1507 538 1560 dominabitur,
581 1515 621 1549 ut
645 1508 737 1549 vivo
756 1509 831 1550 deo
853 1508 1066 1558 derelicto,
1099 1521 1199 1563 quae
1221 1507 1270 1549 ab
1294 1521 1343 1549 eo
1368 1507 1557 1549 fabricata
1578 1513 1671 1549 sunt
1688 1514 1778 1544 Ron-
1792 1514 1873 1552 lm·

118 1576 286 1620 adorare
309 1575 491 1619 velimus.
554 1579 797 1625 Servierunss
831 1576 970 1632 inquit,
1002 1584 1042 1616 et
1067 1579 1238 1616 muer-ati
1253 1584 1345 1616 sunt
1367 1583 1582 1616 creaturam
1598 1590 1670 1629 po-

118 1647 196 1687 aas
213 1658 324 1699 qm
347 1653 577 1694 creatorem,
627 1653 666 1685 et
681 1647 788 1698 fittui
812 1647 956 1685 redditi
975 1652 1078 1685 sune.
1141 1642 1245 1686 Nam
1270 1644 1304 1685 si
1328 1657 1377 1685 ne
1398 1643 1563 1698 angelos
1583 1642 1669 1699 qui-

118 1713 205 1758 dc-
227 1713 384 1756 adorari
410 1713 623 1770 permittit,
665 1719 811 1769 quanto
841 1713 969 1754 minus
1001 1713 1036 1754 id
1065 1712 1206 1754 Annae
1236 1712 1337 1754 filiae
1363 1711 1478 1753 tribui
1502 1725 1668 1753 conces-

117 1779 231 1833 urit,
251 1794 367 1838 quam
391 1781 444 1824 illi
466 1795 488 1823 e
511 1780 683 1824 loacimo
705 1781 765 1822 dei
787 1781 942 1823 bonitas
964 1780 1150 1824 indulsit?
1179 1795 1290 1837 quam
1311 1780 1509 1837 precibus,
1544 1779 1669 1822 omui-

118 1862 196 1905 qac
215 1849 335 1892 animi
358 1849 488 1892 studio
515 1864 561 1892 ac
585 1849 862 1899 contentione,
897 1863 1040 1906 parens
1070 1856 1235 1905 uterque
1263 1849 1505 1906 promeruit?
1534 1848 1588 1889 ita
1611 1855 1669 1889 ta-

119 1930 208 1959 men
237 1923 281 1960 nt
308 1931 387 1960 non
420 1917 532 1960 aliam
556 1932 670 1975 quam
695 1918 816 1960 ceteri
842 1918 1028 1960 mortales
1051 1918 1236 1960 nascendi
1262 1916 1525 1959 conditionem
1548 1916 1668 1959 habu-

118 1984 220 2037 erit,
261 1985 331 2028 scd
364 1992 406 2027 nt
429 1986 483 2028 illi
514 2000 536 2028 e
568 1986 669 2028 virili
703 1994 791 2037 satu
824 2000 871 2028 ac
903 1985 1039 2029 matris
1070 1994 1183 2028 utero
1208 1986 1410 2042 prodierit.
1474 1983 1667 2040 Quamvis

118 2059 248 2096 autem
271 2066 324 2095 cx
346 2050 501 2095 Mariae
522 2054 683 2096 historia
708 2069 753 2096 ac
781 2055 990 2097 traditione
1018 2055 1109 2096 illud
1134 2054 1346 2104 habeatur,
1383 2052 1553 2095 toacimo
1580 2054 1667 2095 eius

118 2120 217 2178 patri
243 2120 429 2163 divinitus
464 2122 537 2163 hoc
559 2121 598 2163 in
620 2123 777 2164 deserto
803 2122 1021 2165 nuntiatum
1046 2123 1190 2165 suisset
1237 2121 1351 2166 Uxor
1373 2129 1437 2164 tua
1462 2122 1664 2179 concepit!

118 2203 196 2232 aon
230 2189 283 2232 ita
316 2196 446 2231 tamen
470 2189 736 2246 accipiendum
768 2197 830 2232 est
861 2191 972 2246 quasi
997 2191 1070 2233 boc
1093 2193 1191 2234 citra
1223 2191 1430 2248 nuptialem
1461 2190 1667 2233 consocia-

118 2258 263 2301 tionem
296 2272 343 2300 ac
370 2257 523 2299 virilem
549 2265 674 2299 satum
700 2258 901 2301 acciderit.
964 2258 1113 2302 Verum
1135 2261 1236 2316 quod
1265 2261 1435 2302 futurum
1465 2266 1551 2301 erat
1574 2258 1667 2300 mis-

117 2339 187 2369 sus
209 2340 232 2367 a
255 2326 331 2368 deo
365 2326 599 2381 significavit
630 2326 816 2381 angelus,
859 2340 908 2368 ne
941 2341 1015 2383 qua
1047 2327 1235 2370 dubitatio
1265 2330 1366 2370 foret
1392 2335 1551 2384 propter
1573 2326 1667 2368 illud

116 2394 219 2451 quod
251 2407 394 2436 revera
423 2394 462 2435 in
493 2394 617 2435 lucem
644 2393 811 2445 editum,
855 2402 894 2436 ct
919 2409 941 2437 a
965 2396 1038 2437 deo
1061 2396 1338 2448 coustitutum,
1384 2411 1429 2437 ac
1453 2396 1555 2437 iusto
1578 2393 1665 2436 viro

117 2469 248 2506 natum
281 2463 422 2505 suerat.

231 2528 336 2587 Quin
361 2530 485 2572 eidem
508 2530 565 2571 rei
587 2543 723 2572 sacras
749 2530 884 2572 literas
904 2531 1129 2588 adstipulari
1152 2532 1345 2574 videmus.
1394 2531 1498 2574 Nam
1521 2530 1663 2573 Esaias
1697 2533 1847 2579 Cap-Vl·

117 2599 166 2642 dc
186 2599 265 2642 mio
289 2599 351 2641 dci
376 2599 434 2641 sio
455 2598 716 2641 vaticinatur:
760 2601 860 2639 Ecce
882 2602 990 2652 vit-go
1011 2603 1050 2641 in
1074 2608 1181 2641 utem
1202 2604 1388 2654 concipiet
1407 2608 1445 2641 et
1462 2604 1591 2654 μανίαι
1601 2602 1661 2654 fi·
1678 2612 1762 2642 Βιιι.
1779 2614 1808 2649 τ,
1826 2613 1869 2645 ιι.

117 2669 209 2710 113·-
233 2675 271 2709 ει
298 2668 482 2709 vocabum
511 2682 642 2708 nomen
667 2670 748 2707 eius
772 2670 1004 2708 Emmanuel.
1070 2667 1122 2710 Et
1144 2669 1325 2724 quoniam
1349 2668 1531 2724 genitura
1551 2668 1664 2725 virgo

117 2735 342 2787 dicebatur,
387 2743 428 2779 ct
449 2742 562 2778 utero
585 2734 758 2777 mulieris
779 2736 994 2790 gestandus
1015 2735 1078 2777 ille
1102 2736 1212 2779 cuius
1243 2750 1384 2778 nomen
1406 2736 1508 2778 idem
1531 2744 1663 2790 sonat,

117 2817 165 2846 ac
185 2804 389 2846 Nobiscum
422 2807 538 2853 deus,
581 2817 630 2845 ne
657 2818 732 2859 qua
758 2803 796 2844 in
826 2803 1036 2859 prophetae
1059 2803 1189 2846 animo
1212 2804 1258 2846 de
1283 2804 1340 2846 rei
1364 2804 1531 2846 veritate
1554 2804 1664 2848 dubi-

118 2871 213 2914 tatio
234 2872 450 2920 rcsideret,
494 2872 665 2914 oblatum
689 2870 763 2913 sibi
791 2871 915 2913 visum
939 2871 1151 2927 instigante
1172 2872 1312 2929 spiritu
1327 2881 1475 2934 sancto
1498 2873 1664 2931 prophe·

162 3031 194 3064 2.
219 3028 267 3066 ru
288 3033 419 3065 mxu
446 3033 603 3068 Petamus.
653 3032 739 3065 Libri
770 3032 864 3074 uulua
888 3028 954 3066 ἐπὶ.
