2020 3276
317 249 501 286 umuli
524 249 611 283 Lm.
630 249 689 283 m.
720 249 831 283 ΤοΜ.
850 249 891 282 11.
922 247 1079 282 Expos.
1103 247 1190 281 mn.
1215 246 1405 282 carnot..
1552 237 1636 279 529

87 339 134 376 ec
157 330 376 375 honestatis
410 342 551 373 mussa
586 329 666 371 sint
701 328 976 379 administrae,
1021 327 1055 370 si
1091 328 1129 370 id
1162 329 1262 369 forte
1293 339 1459 369 necesse
1490 325 1633 368 fuerit:

89 401 179 445 sive
197 400 289 443 dun
309 399 504 456 baptismo
523 396 736 440 initiandae
754 403 860 448 sunt,
893 397 979 439 sive
1000 397 1089 438 dum
1111 410 1245 438 earum
1268 409 1434 452 corpora
1455 408 1638 452 perscru-

88 466 223 512 tanda.
282 465 376 511 lllac
411 467 566 524 quidem
593 466 774 509 univirae
809 472 849 508 et
874 465 1122 507 continentes
1147 478 1237 507 esse
1255 464 1420 516 debent,
1463 463 1528 505 vel
1552 468 1641 520 post

88 550 193 581 unas
220 536 378 594 nuptias
402 536 564 588 viduae,
605 535 669 577 vel
692 542 906 591 perpetuae
932 532 1123 590 virgines.
1185 531 1283 574 Post
1305 533 1394 574 illos
1414 546 1552 574 omnes
1575 545 1640 573 or-

89 606 204 649 dines
221 605 411 663 deinceps
433 604 659 648 exorcistae
680 610 921 660 sequnntur,
964 609 1004 643 et
1023 602 1242 657 linguarum
1264 601 1527 658 interpretes,
1561 607 1640 642 tam

89 674 136 718 i·
160 674 396 718 lectionibus
440 687 570 730 quam·
594 673 634 715 in
674 671 947 714 concionibus.
1011 669 1240 726 Sequuntur
1278 670 1532 721 laborantes,
1575 668 1643 725 qui

87 750 332 788 munorum
368 755 536 800 corpora
567 748 722 784 curant.
783 739 888 783 Tum
922 739 1136 792 ianitores,
1180 753 1226 781 ac
1247 738 1388 795 reliqui
1413 738 1642 794 disciplinae

90 825 232 856 causa
261 811 422 854 ordines
450 810 634 854 instituti.
902 811 905 814 ⁴

206 878 321 925 Sacri
345 894 465 938 porro
487 886 708 922 conventus
733 885 775 920 et
796 891 973 934 synaxes
995 877 1043 919 ab
1065 876 1254 933 apostolis
1276 877 1443 919 instituti
1467 883 1559 918 sunt
1580 875 1642 918 his
1707 881 1789 927 Cap.

92 950 335 1009 potissimum
356 949 509 1000 diebus,
541 955 678 1004 quarta
698 954 890 1002 sextaque
916 946 1015 988 teria
1034 953 1074 987 et
1104 946 1313 987 dominica.
1376 943 1475 987 Item
1506 951 1644 1001 quarta
1690 928 1792 962 ΧΧῙ·

91 1025 286 1076 sextaque
313 1017 411 1060 teria
432 1017 619 1059 ieiunium
643 1017 690 1058 ad
711 1015 846 1057 horam
868 1028 992 1071 usque
1014 1028 1157 1056 nonam
1181 1014 1367 1056 indictum
1381 1046 1392 1066 ,
1435 1021 1649 1070 propterea

79 1087 196 1145 ,quod
219 1093 360 1144 quarta
391 1086 488 1128 feria
516 1085 822 1141 comprehensus
855 1090 918 1126 est
949 1083 1152 1136 dominus,
1197 1090 1375 1125 etsexta
1408 1082 1449 1124 in
1487 1096 1644 1124 crucem

93 1155 286 1199 sublatus.
348 1152 443 1196 ldeo
468 1168 540 1211 per
561 1153 650 1196 illos
676 1154 760 1195 dies
782 1152 1033 1195 ieiunandum
1057 1165 1148 1194 esse
1173 1151 1435 1194 decreverunt
1459 1150 1642 1207 apostoli,

96 1231 140 1268 ut
157 1223 367 1282 impleatur
383 1223 475 1265 illud
492 1223 593 1279 quod
611 1222 797 1279 scriptum
818 1228 895 1274 est,
929 1224 1020 1262 Cum
1041 1222 1213 1261 sublatus
1229 1222 1354 1274 suerit
1370 1221 1418 1261 ab
1437 1223 1517 1261 illis
1532 1235 1645 1274 spon-
1662 1226 1735 1255 nae„
1745 1226 1774 1263 ὁ,
1788 1226 1830 1254 ³⁵-

93 1307 185 1342 sas,
227 1301 318 1334 me
346 1293 579 1333 1'eimbunt.
642 1289 786 1347 Neque
815 1303 913 1332 vero
941 1297 984 1331 ut
1015 1290 1052 1331 ei
1083 1289 1370 1345 gratificemnr,
1413 1289 1478 1345 qui
1512 1296 1648 1331 nostra

95 1375 235 1406 caussa
250 1375 393 1419 passus
413 1367 490 1411 cst,
515 1359 693 1402 instituta
713 1367 805 1402 sunt
823 1358 986 1411 ieiunia,
1019 1358 1088 1400 sed
1110 1365 1150 1400 ut
1169 1357 1308 1400 salutis
1330 1365 1491 1400 nostrae
1506 1372 1648 1400 caussa

96 1430 296 1474 cruciatus
326 1429 416 1472 illos
440 1428 713 1486 profiteamur,
759 1442 858 1484 quos
889 1441 959 1483 pro
990 1426 1103 1468 uobis
1137 1427 1317 1468 dominus
1344 1427 1429 1483 ipse
1456 1427 1646 1482 suscepit,

96 1508 214 1557 atquc
243 1505 288 1542 ut
310 1498 408 1540 haec
428 1512 452 1540 a
470 1497 545 1540 deo
571 1497 715 1539 ieiunia
742 1496 950 1553 expiandis
976 1495 1123 1538 nostris
1147 1495 1365 1538 sceleribus
1390 1495 1646 1552 imputentur.

95 1567 227 1612 Porro
258 1567 479 1610 istiusmodi
516 1566 703 1608 ieiunium
730 1573 813 1608 toto
835 1579 940 1607 anno
968 1565 1008 1607 in
1035 1564 1202 1606 ecclesia
1228 1564 1420 1606 catholica
1442 1564 1652 1620 diligenter

97 1636 348 1689 observatur,
380 1642 534 1692 quarta,
559 1635 612 1677 uti
638 1635 738 1687 dixi,
771 1642 964 1690 sextaque
989 1633 1085 1675 feria
1109 1634 1157 1675 ad
1180 1633 1314 1675 horam
1340 1647 1463 1689 usque
1487 1647 1648 1684 nonam,

99 1704 278 1763 exeeptis
308 1704 585 1761 quinquaginta
611 1701 871 1745 Pentecostes
901 1702 1064 1755 diebus,
1107 1701 1247 1758 quibus
1272 1715 1401 1758 neque
1426 1715 1556 1757 genua
1583 1701 1652 1742 lle-

100 1780 281 1827 mutar,
322 1786 449 1830 neque
482 1772 669 1814 ieiunium
702 1771 901 1814 indicitur.
964 1769 1043 1813 Pro
1070 1771 1146 1812 illis
1172 1784 1270 1812 vero
1299 1770 1560 1812 conventibus
1587 1769 1652 1826 qui

101 1841 151 1886 ad
173 1841 308 1886 horam
333 1855 478 1884 nonam
504 1840 654 1897 quartis
677 1840 856 1883 sextisve
882 1840 990 1882 feriis
1014 1839 1207 1882 celebrari
1233 1845 1549 1890 consueverunt,
1582 1852 1654 1895 per

102 1910 191 1954 illos
213 1910 323 1963 dics,
365 1910 526 1967 perinde
558 1923 606 1951 ac
637 1909 831 1951 dominica
862 1909 947 1961 die,
992 1909 1206 1951 matutinae
1232 1921 1408 1966 synaxes
1438 1907 1649 1950 obeuntur.

102 1977 247 2036 Neque
267 1991 365 2021 vero
388 1978 481 2021 totis
499 1978 575 2020 illis
599 1978 792 2021 duntaxat
814 1977 1094 2034 quinquaginta
1117 1976 1378 2026 Pentecostes
1398 1976 1535 2019 diebus
1555 1976 1651 2029 ulla,

104 2048 160 2091 uti
184 2046 306 2099 dixit,
337 2046 484 2089 ieiunia
507 2054 622 2099 sunt,
664 2047 734 2089 sed
758 2060 885 2103 neque
910 2045 1219 2103 Epiphaniornm
1242 2046 1328 2099 die,
1372 2059 1449 2102 quo
1475 2044 1655 2087 domiuus

104 2116 319 2160 secundun·
341 2128 499 2158 carnem
519 2121 635 2157 natus
657 2122 743 2169 est,
784 2116 962 2158 ieiunare
987 2115 1103 2168 licet3
1147 2114 1303 2157 tametsi
1330 2122 1509 2171 quartam
1537 2114 1576 2156 in
1600 2114 1656 2155 l'e-

106 2186 203 2229 riam
246 2184 312 2227 vel
335 2179 490 2227 sextam
524 2182 719 2226 inciderit.
791 2183 845 2226 ΑΙ
879 2185 943 2240 qui
981 2183 1115 2241 pietati
1146 2183 1328 2236 student,
1369 2182 1532 2240 egregia
1562 2196 1657 2238 qua-

106 2256 193 2298 dam
218 2266 264 2295 ac
289 2251 472 2295 laudabili
496 2251 697 2294 voluntate
722 2260 931 2309 perpetuo,
973 2252 1070 2296 solis
1093 2251 1299 2294 dominicis
1323 2266 1370 2294 ae
1395 2250 1657 2294 Pentecostes

106 2322 245 2366 diebus
264 2320 466 2378 exceptis,
510 2319 656 2362 ieiunia
681 2319 754 2362 sibi
777 2334 823 2363 ac
849 2320 1002 2377 vigilias
1027 2321 1246 2376 imponunt.
1308 2319 1415 2363 Nam
1440 2319 1656 2362 dominicas

107 2403 246 2435 onnes
268 2391 389 2433 festas
410 2388 633 2444 hilaresque
654 2387 844 2431 catholica
865 2402 955 2432 esse
980 2390 1115 2432 sanxit
1138 2389 1323 2431 ecclesia.
1385 2388 1447 2431 Ac
1471 2387 1657 2430 solennes

109 2466 328 2504 conventus
347 2457 550 2500 matutinis
573 2456 682 2499 horis
701 2456 860 2508 indicit,
894 2471 968 2500 nee
989 2457 1065 2500 nlla
1085 2457 1230 2500 ieiunia
1252 2456 1442 2500 celebrat.
1504 2455 1658 2498 Absur-

110 2529 199 2572 δια
222 2527 327 2571 enim
348 2533 410 2569 est
431 2525 607 2568 ieiunare
634 2525 828 2567 dominico
848 2525 926 2568 die.
989 2523 1176 2569 Ceterum
1201 2532 1293 2568 ante
1312 2532 1461 2581 septem
1483 2522 1658 2566 Pascha-

111 2598 163 2641 tis
191 2595 277 2640 dies
309 2593 661 2651 Quadragesimam
697 2593 939 2646 observare,
981 2601 1096 2651 atque
1131 2594 1171 2637 in
1206 2594 1364 2637 ieiuniis
1398 2606 1658 2651 perseverare

103 2665 248 2710 eadem
281 2663 489 2708 consuevit
520 2663 710 2715 eeclesia,
750 2661 956 2705 dominicis
987 2676 1084 2705 vero
1113 2662 1228 2705 nullis
1254 2662 1437 2714 omniuo,
1483 2661 1658 2717 adeoque

112 2747 188 2778 uec
206 2733 330 2791 ipsius
350 2732 503 2789 quidem
523 2729 858 2787 Quadragesimae
876 2731 1053 2773 ieiunare
1074 2730 1190 2773 solet.
1239 2729 1454 2773 Praeterea
1476 2743 1550 2772 sex
1572 2729 1660 2771 illos

112 2799 319 2846 Pascbatis
346 2801 432 2843 dies
452 2799 728 2857 xerophagiis,
769 2798 843 2841 hoc
868 2805 930 2842 est
946 2799 1055 2841 arido
1075 2799 1206 2851 victu,
1249 2798 1469 2855 transigere
1497 2797 1662 2855 populns

115 2869 242 2914 omnis
274 2869 469 2922 assuevit,
514 2870 587 2911 hoc
621 2876 682 2911 est
715 2882 852 2925 panem
888 2868 1078 2910 duntaxat
1112 2881 1198 2909 cum
1227 2881 1325 2924 aqua
1355 2867 1427 2910 sub
1454 2879 1660 2924 vesperam

115 2937 316 2982 adbibere.
376 2935 460 2981 lmo
490 2952 588 2981 vero
622 2937 796 2980 nonnulli
828 2936 875 2979 ad
905 2936 1062 2979 biduum
1090 2935 1150 2977 vet
1183 2935 1376 2988 triduum,
1420 2935 1484 2978 vel
1515 2934 1662 2992 quatri-

117 3006 234 3050 duum
265 3019 414 3063 usque,
454 3005 602 3049 ieiunia
639 3012 868 3063 prorogant.
929 3004 1010 3047 Alii
1037 3011 1156 3047 totam
1188 3003 1467 3047 hebdomadem
1490 3004 1662 3060 adusque

164 3095 197 3133 4.
221 3094 344 3137 διπλᾶς
364 3109 396 3132 κ.
419 3095 558 3141 τριπλᾶς
579 3110 609 3132 κ.
630 3095 817 3141 τετραπλάς
838 3098 928 3131 codd.
945 3106 1017 3130 mss.
1036 3100 1063 3129 et
1086 3096 1159 3129 edit.
1184 3098 1283 3137 princ.

187 3152 306 3190 corpu·
321 3151 503 3182 mermi.
528 3153 565 3182 ιι.
582 3153 608 3181 a.
1333 3144 1387 3185 34
