2020 3276
434 197 617 233 nmen
640 197 726 232 mn.
747 196 806 230 ιιι.
829 196 939 231 Tou.
961 195 1003 230 11.
1025 194 1161 229 naun.
1182 193 1359 228 Lxxvn.
1584 183 1667 226 359

120 279 295 337 inqua
316 278 381 322 vel
400 278 452 321 ab
473 277 551 321 illis
577 277 641 320 vel
667 276 716 318 ab
742 275 830 318 aliis
855 274 1098 327 audivimus,
1141 281 1183 316 ut
1205 274 1396 316 adversus
1420 285 1490 314 eos
1516 271 1667 314 scribe-

120 349 253 397 mus
273 347 421 391 inducti
440 347 588 398 simus,
620 345 688 388 sed
710 351 750 387 et
774 343 930 386 aliunde
954 343 1107 399 planum
1131 342 1271 384 factum
1297 341 1369 392 sit,
1414 339 1508 383 nihil
1533 354 1605 383 nos
1625 339 1666 382 in

118 417 228 475 ἠοω
248 415 490 459 calumniose
522 413 759 466 contulisse,
801 412 984 468 deinceps
1016 418 1238 467 susceptam
1262 410 1300 451 in
1321 409 1411 451 illos
1437 408 1667 466 disputatio-

119 496 209 540 ιιμι
230 490 428 543 repetam,
457 498 506 526 ne
529 483 593 525 vel
613 481 882 525 tenuissimam
906 480 954 522 de
979 479 1091 521 nobis
1119 478 1335 521 calumniae
1361 484 1502 520 contra
1523 478 1666 520 fratres

118 557 279 598 ustrou
301 552 570 610 suspicionem
595 550 830 607 relinquam.
892 547 1135 604 Quamquam
1171 546 1349 603 equidem
1387 546 1460 588 hoc
1493 545 1667 603 ipsorum

119 631 261 669 mussa
280 621 492 665 etiamnum
516 633 672 676 precor,
707 625 748 660 ut
766 630 867 674 quae
888 616 1094 659 molestiae
1114 615 1290 657 nonnihil
1314 614 1427 657 nobis
1447 614 1664 668 attulerint,

118 690 328 748 aliqu-do
361 688 584 745 corrigant,
629 700 679 730 ne
710 693 751 729 et
771 686 826 728 illi
851 685 975 727 nostri
998 691 1039 727 et
1058 684 1212 726 illorum
1240 697 1312 725 nos
1332 683 1520 726 iacturam
1549 683 1668 726 facia·

120 772 224 810 mus.
282 757 372 801 lloe
403 758 507 800 enim
538 769 826 813 saepenumero
848 767 918 811 per
944 754 1095 809 legatos
1125 752 1173 794 ab
1198 751 1246 793 iis
1268 751 1550 809 postulavimus
1576 751 1668 794 hor—

119 827 268 884 tuique
297 840 456 879 sumus,
499 832 540 868 et
574 825 675 867 idem
706 824 917 880 impetrare
954 822 1070 864 modo
1102 820 1327 873 studemus,
1372 827 1414 862 ut
1444 821 1550 862 omni
1573 834 1668 862 con-

119 895 295 941 untione
314 895 490 946 sublata,
522 892 786 951 apostolorum
813 891 1143 947 evangelistarum
1168 903 1214 930 ac
1238 895 1386 945 patrum
1409 888 1552 931 divinis
1575 903 1668 931 san-

119 963 315 1008 ouo-itm
334 962 532 1015 insistant,
557 976 602 1004 ac
624 962 820 1013 sincerae,
853 959 1017 1011 solidae,
1049 959 1309 1000 inconcussae
1334 964 1374 998 et
1395 958 1667 1014 undecumque

119 1031 358 1082 iustissimae
386 1031 476 1075 fidei
507 1030 791 1088 professionem
820 1034 1074 1071 conservent.

183 1143 185 1146 ,
233 1097 423 1145 Ceterum
447 1098 603 1142 memini
628 1098 702 1140 hoc
722 1112 745 1140 a
769 1097 997 1154 quibusdam
1020 1110 1072 1138 ex
1102 1096 1256 1138 illorum
1281 1109 1403 1151 grege
1427 1094 1554 1136 minus
1578 1109 1668 1137 esse

120 1172 337 1221 mmm,
360 1166 561 1212 Christum
583 1166 781 1209 dominum
802 1179 880 1207 non
899 1165 998 1207 hauc
1018 1171 1191 1207 nostram
1209 1164 1470 1220 assumpsisse
1490 1177 1665 1216 carnem,

120 1237 193 1282 ud
213 1237 360 1281 diversi
380 1236 540 1294 generis
562 1235 695 1278 aliam.
757 1233 873 1290 Quod
895 1233 1043 1275 utinam
1069 1247 1122 1275 ex
1154 1233 1296 1275 affectu
1329 1232 1510 1275 laudandi
1544 1232 1667 1274 hono-

119 1305 309 1363 randiqne
341 1306 551 1348 lactarent.
610 1302 714 1346 Nam
745 1309 785 1345 et
818 1316 890 1344 nos
918 1309 1095 1344 sanctum
1127 1301 1219 1344 illud
1248 1315 1338 1343 esse
1363 1315 1507 1359 corpus
1542 1300 1668 1343 illiba-

120 1382 280 1431 tnmquo
296 1373 486 1427 dicimu03
515 1371 655 1429 quippe
678 1371 781 1427 quod
803 1373 949 1412 nultum
973 1385 1135 1425 unquam
1151 1378 1346 1424 peccatum
1369 1372 1566 1419 commisit,
1598 1385 1668 1411 nee
1680 1374 1705 1404 1.
1714 1373 1780 1404 Pet·
1792 1374 1872 1413 ’,η

119 1447 160 1486 r'n
179 1446 262 1485 eius
281 1458 348 1484 ore
366 1445 476 1483 dolus
498 1445 669 1482 iuvemus
696 1448 775 1490 est‚·
822 1440 923 1495 quod
958 1439 1112 1495 quidem
1143 1453 1259 1481 nemo
1288 1454 1365 1480 non
1394 1438 1578 1494 intelligit
1602 1438 1667 1494 qui

119 1512 168 1555 de
188 1508 349 1555 Christo
383 1511 444 1567 pie
470 1510 698 1568 profiteatur
718 1522 763 1550 ac
786 1507 945 1550 sentiat.
1010 1506 1158 1549 Verum
1184 1507 1259 1549 etsi
1284 1522 1421 1564 purum
1451 1507 1668 1563 integrum-

118 1593 195 1637 que
217 1593 359 1637 corpus
382 1578 509 1630 illius,
542 1579 642 1634 quod
670 1577 904 1633 assumpsit,
937 1577 1039 1618 idem
1064 1590 1154 1618 esse
1178 1590 1264 1617 cum
1293 1582 1429 1618 nostro
1457 1576 1665 1628 fateamur,

119 1655 182 1692 est
213 1648 287 1691 hoc
310 1648 435 1705 ipsum
460 1654 589 1689 tamen
615 1646 654 1687 in
681 1645 817 1697 nobis,
862 1645 926 1701 qui
948 1645 1103 1701 quidem
1126 1644 1398 1701 peccavimus,
1442 1643 1666 1686 conditione

118 1716 371 1773 &dignitate
397 1716 556 1759 multum
585 1714 772 1765 inferius,
806 1729 883 1755 non
909 1714 1009 1770 quod
1034 1713 1202 1755 alienum
1228 1713 1275 1754 ab
1300 1713 1366 1755 illo
1391 1712 1443 1755 sit
1466 1719 1505 1753 et
1525 1712 1666 1754 abhor-

118 1798 239 1838 mm,
282 1786 352 1828 sed
383 1785 483 1840 quod
518 1790 677 1841 peccata
713 1789 846 1824 sunta
871 1782 985 1824 nobis
1016 1782 1234 1837 delictaque
1258 1781 1538 1838 quamplurima
1562 1796 1668 1823 com-

119 1853 254 1898 misso.
308 1851 444 1909 Quare
475 1867 553 1895 non
584 1852 686 1895 aliud
721 1865 768 1893 ac
795 1865 868 1894 nos
902 1850 1090 1893 habemus
1114 1865 1136 1893 a
1162 1847 1323 1893 Christo
1347 1864 1490 1906 corpus
1514 1864 1666 1892 assum·

119 1928 226 1979 ptum
243 1927 330 1973 est,
370 1921 440 1963 sed
471 1921 572 1963 idem
601 1921 761 1963 omnino
796 1934 938 1976 corpus
963 1927 1024 1962 est
1054 1920 1156 1976 quod
1183 1919 1221 1961 iu
1245 1919 1311 1961 illo
1331 1925 1531 1960 servatum
1556 1925 1598 1960 et
1617 1918 1665 1960 ab

120 1989 228 2032 omni
257 1988 491 2044 contagione
514 1988 749 2031 vindicatum
781 1995 857 2031 est.

156 2088 162 2097 .
233 2054 448 2100 Praeterea
483 2064 576 2099 sunt
607 2058 710 2099 inter
740 2057 828 2100 illos
860 2056 977 2113 aliqui
1003 2057 1050 2099 ad
1083 2056 1155 2099 hoc
1180 2070 1304 2113 usque
1331 2064 1482 2114 tempus
1504 2063 1667 2098 conten·
1728 2064 1810 2106 Cap.

123 2123 242 2168 tionis
261 2124 366 2168 nvidi
391 2138 437 2167 ac
459 2125 707 2181 perabsurdis
728 2125 978 2182 opinionibus
998 2125 1156 2177 irretiti,
1190 2140 1266 2167 uon
1290 2126 1492 2168 doctrinae
1514 2132 1666 2182 patrum
1725 2110 1803 2143 XV·

122 2193 374 2240 inhaerentes
389 2225 401 2246 ‚
444 2208 563 2247 neque
570 2195 676 2247 fidei
703 2202 816 2247 eaput
842 2196 1068 2243 retinentes,
1112 2210 1162 2235 ex
1190 2209 1263 2249 quo
1296 2210 1401 2236 omne
1427 2209 1565 2248 corpus
1591 2209 1665 2248 per
1682 2198 1760 2237 Bph.
1781 2200 1810 2237 ⁴.
1829 2199 1872 2229 ¹⁸·

120 2276 319 2317 mes
343 2270 381 2303 et
400 2264 549 2303 m'ncula
569 2264 843 2315 suppeditatum
862 2270 902 2302 et
919 2270 1217 2315 coagmentatum
1244 2271 1411 2316 augetur
1439 2267 1667 2304 incremento

120 2333 207 2381 dei,
250 2338 293 2373 ut
324 2330 491 2387 apostoli
525 2329 659 2372 verbis
694 2336 804 2381 utar,
847 2330 915 2372 sed
950 2344 1067 2373 aures
1097 2345 1189 2373 suas
1220 2332 1434 2374 alienorum
1468 2331 1666 2373 hominum

123 2398 414 2443 narrationibus
460 2398 678 2455 perturbari
722 2397 936 2454 patientes,
988 2412 1065 2440 non
1108 2398 1288 2441 dissimili
1328 2414 1375 2441 ac
1414 2398 1665 2451 Valentinus,

122 2465 276 2512 Uercin
297 2465 635 2522 Manichaeusque
657 2467 808 2508 ratione
823 2497 835 2518 ,
877 2466 1043 2509 conficta
1067 2468 1278 2523 quaedam,
1312 2468 1349 2509 in
1375 2468 1563 2510 honorem
1589 2467 1667 2509 sci-

122 2534 215 2581 ticet
235 2533 401 2588 Christi,
435 2535 636 2577 mendacia
661 2548 731 2591 pro
755 2534 860 2575 veris
883 2533 1127 2589 dogmatibus
1151 2535 1377 2578 obtrudunt.
1440 2533 1541 2578 Cum
1562 2536 1666 2578 enim

121 2603 275 2648 anobis
307 2603 470 2647 audiunt
490 2601 690 2663 Christum
723 2610 858 2645 nostro
897 2602 1017 2645 ruisse
1051 2618 1216 2661 corpore
1247 2605 1490 2662 praeditum,
1535 2604 1666 2647 statim

120 2766 283 2807 proposuit
310 2765 392 2798 Mne
412 2761 538 2807 Ἡμεῖς
569 2762 608 2798 ak
639 2761 698 2797 καὶ
725 2758 808 2797 αὐτὸ
833 2760 872 2798 τὸ
919 2762 1010 2807 quod
1030 2762 1101 2807 ipse
1118 2764 1281 2808 suscepit,
1313 2770 1349 2798 st
1372 2776 1452 2810 prce
1484 2764 1542 2798 illo
1565 2764 1667 2811 ipsius

124 2809 226 2854 σὸμα
248 2809 396 2855 λέγομεν,
420 2805 502 2852 ὅπερ
522 2808 581 2844 καὶ
601 2805 683 2844 αὐτὸ
705 2809 753 2853 τῷ
771 2805 871 2851 ἡμῶν
918 2819 1001 2852 puro
1026 2821 1184 2853 corpore,
1210 2809 1242 2842 in
1268 2810 1363 2843 nobis
1390 2810 1444 2855 qui
1471 2811 1666 2856 transgressi

124 2854 244 2900 ιῖληφε
265 2856 329 2899 (ml
350 2854 434 2891 αὐτὸ
455 2855 506 2899 τῷ
529 2852 630 2899 ἡμῶν
652 2852 690 2889 τὸ
718 2855 820 2897 σῶμα
843 2854 869 2887 λ.
916 2864 1038 2893 sumus,
1064 2865 1131 2888 non
1156 2854 1247 2907 quod
1270 2855 1413 2888 alienum
1436 2863 1494 2890 aut
1516 2857 1598 2891 nlius
1621 2857 1666 2891 sit

122 2894 186 2936 8ης
239 2912 269 2935 κ.
291 2897 395 2941 αὐτὸς
425 2900 563 2945 ιῖληφι)
589 2895 666 2943 παρ’
691 2895 773 2934 αὐτὸ
801 2897 869 2943 [ak]
916 2899 1057 2943 generis.
1079 2899 1235 2933 deficiens
1257 2913 1295 2934 ac
1324 2901 1459 2934 inferius
1481 2914 1572 2944 eus,
1605 2903 1666 2937 sed

123 2943 163 2982 τὸ
182 2911 258 2991 εχρ.
279 2942 380 2981 αὐτοῦ
407 2946 531 2990 σῶμα,
555 2944 589 2980 ἐν
607 2942 690 2989 ἡμῖν
712 2949 778 2979 cett.
794 2969 803 2984 ,
838 2948 871 2977 ut
917 2952 1129 2989 peccatorum
1160 2957 1199 2979 ne
1241 2946 1438 2982 delictorum
1475 2954 1666 2983 nostrorum

123 3000 230 3027 nasus
259 2995 335 3025 met
371 2991 442 3025 Nos
474 2998 585 3024 autem
619 2990 749 3023 etiamsi
783 2989 870 3022 idem
917 2990 1149 3025 tantummodo
1173 2999 1336 3038 respectu.

125 3046 197 3071 esse
219 3047 294 3072 mm
316 3043 432 3071 nostro
465 3048 585 3083 corpus
618 3036 699 3071 illud
721 3035 869 3077 dicimus,
