2020 3276
423 221 604 256 rmum
625 221 709 255 mn.
730 222 788 254 nt.
812 221 922 255 rom.
940 221 982 255 n.
1006 220 1137 268 msa.
1155 220 1330 254 nxxvn.
1569 207 1650 250 393

109 302 217 355 *ὅ
245 302 455 346 inmunem
490 301 726 353 habeamus3
767 301 832 357 qui
865 301 1018 356 quidem
1052 315 1128 342 non
1159 300 1245 342 sine
1271 298 1526 357 perpessione
1547 296 1653 339 salu-

110 377 194 426 ιμ’
220 369 335 414 nobis
367 370 565 422 attulerit,
607 370 676 412 sed
706 369 744 411 id
777 369 979 410 moriendo
1011 383 1080 425 pro
1115 368 1253 421 nobis,
1298 381 1420 423 seque
1453 367 1527 408 deo
1551 364 1652 423 patri

107 453 184 498 ‚ro
219 438 368 484 mattis
407 438 610 481 animabus
644 437 824 480 sacrificii
860 437 986 479 instar
1020 437 1220 478 offerendo
1260 435 1525 493 praestiterit,
1566 448 1654 477 cum

108 519 184 557 m
204 505 398 564 unguine
431 521 505 550 suo
526 506 772 564 repurgarit‚
812 520 859 546 ae
887 508 1069 559 seriptum
1100 513 1233 546 contra
1264 520 1333 546 nos
1359 504 1654 558 cheb-ographum
1678 510 1787 547 cota,
1805 509 1849 538 lt·

108 578 325 627 We,
355 583 396 617 et
415 578 630 616 crucinam
656 576 760 616 istud
786 574 975 627 affixerit,
1009 573 1048 615 id
1075 574 1176 630 quod
1207 573 1348 629 ubique
1379 573 1572 629 scriptura
1596 579 1654 614 te-

108 651 252 694 mitt·-

160 703 169 761 '¹
221 710 413 765 Pomm,
459 711 494 754 si
533 726 699 755 necesse
737 711 959 762 videretur,
1012 711 1060 752 ad
1099 710 1185 752 eius
1220 710 1411 765 dogmatis
1448 710 1654 752 veritatem
1727 709 1805 753 0³1³·

112 781 418 827 eante-audam
439 780 516 824 alia
541 782 721 838 proferre
742 793 856 836 quam
878 779 1058 836 piurima.
1119 777 1188 822 Sic
1206 779 1310 820 enim
1332 778 1409 820 aiio
1433 779 1536 831 loco,
1569 793 1657 821 cum
1679 754 1847 790 mw‘

109 849 213 901 iden
235 857 508 907 argumentum
532 856 889 906 pertractaremus,
921 849 970 890 de
994 854 1101 889 certa
1124 846 1359 902 minimeque
1382 846 1495 905 dubia
1520 854 1657 889 nostra

109 918 238 977 sat-te
262 918 560 961 constituimus:
604 916 939 973 Quemadmodum
973 916 1176 972 sanguinis
1204 915 1412 972 aspergine
1446 915 1569 956 vestis
1599 915 1659 956 in-

111 986 264 1040 ficitur,
306 986 399 1031 iicet
427 987 513 1029 eius
542 986 607 1043 qui
633 993 783 1028 vestem
810 986 915 1041 gerit
943 999 1086 1042 corpus
1111 999 1352 1040 nequaquam
1376 985 1561 1026 infectum
1588 984 1657 1036 sit,

110 1054 364 1106 nibilominus
385 1055 450 1098 ilia
475 1058 599 1098 vestis
627 1068 790 1111 aspersa
816 1054 967 1096 macula
1000 1068 1077 1096 non
1113 1054 1212 1095 vesti
1243 1054 1312 1095 sed
1345 1053 1380 1095 ei
1410 1052 1475 1108 qui
1507 1060 1659 1095 vestem

111 1123 217 1181 gerit
234 1123 443 1176 tribuitur,
484 1124 622 1166 eodem
657 1123 772 1165 modo
802 1123 895 1165 ticet
929 1122 1132 1179 perpessio
1164 1122 1202 1164 in
1230 1122 1471 1164 divinitatem
1498 1136 1575 1163 non
1599 1121 1659 1162 in-

113 1192 331 1246 cub-orit,
347 1192 419 1235 sed
441 1191 633 1235 humanae
655 1192 845 1233 duntaxat
864 1179 1028 1233 naturaie
1049 1190 1285 1246 eontigerit,
1318 1190 1507 1238 uonhuie
1527 1197 1659 1231 tamen

114 1260 190 1305 soii
212 1260 473 1304 tribuendam.
534 1258 684 1302 Verum
712 1274 762 1301 ne
785 1259 824 1301 in
846 1260 1090 1315 procuranda
1121 1274 1192 1316 per
1213 1260 1522 1302 incarnationem
1550 1257 1660 1299 verbi

114 1329 242 1373 nal-te
261 1336 398 1372 nostra
423 1328 463 1371 in
484 1328 589 1371 inam
615 1329 862 1370 incurramus
884 1328 1104 1384 scripturae
1131 1328 1364 1369 sententiam
1378 1359 1390 1379 ‚
1434 1330 1662 1368 Maledictus
1679 1336 1765 1367 mer.
1784 1334 1866 1371 ms.

113 1401 234 1443 ..οὐ
253 1402 324 1455 qna·
339 1413 440 1453 spen
462 1399 575 1438 habel
593 1400 632 1438 in
655 1398 817 1446 homine,
852 1403 1059 1453 propterea
1080 1396 1273 1438 divinitati
1295 1397 1410 1438 etiam
1431 1396 1660 1452 imputatur,

114 1480 204 1511 oo-
221 1466 320 1511 nihil
344 1467 428 1523 ipsa
453 1480 523 1523 per
542 1479 632 1507 sese
656 1466 845 1521 patiatur,
889 1472 931 1506 ut
954 1465 1110 1506 humani
1140 1464 1300 1520 generis
1321 1465 1428 1507 salus
1450 1479 1519 1521 per
1545 1462 1662 1506 Chri·

113 1535 165 1581 sti
188 1535 411 1593 passionem
441 1533 634 1591 acquisita
662 1548 683 1574 a
705 1541 959 1576 sacrosancta
988 1533 1050 1575 dei
1076 1533 1243 1575 ecclesia
1276 1533 1468 1575 divinitati
1501 1546 1655 1589 qnoque

113 1603 322 1648 tribuatur.
384 1602 542 1646 Vereor
562 1616 611 1644 ne
634 1601 722 1658 quis
745 1615 798 1643 ex
822 1602 897 1644 iltis
927 1616 1066 1644 vocum
1093 1601 1358 1658 captatoribus
1381 1601 1575 1644 subtiliori
1601 1615 1664 1643 ra-

114 1671 369 1729 tiocinatione
390 1672 644 1728 semetipsum
670 1670 870 1727 implicare
894 1670 1025 1722 matii,
1058 1685 1172 1726 quam
1199 1670 1353 1712 allatam
1378 1685 1401 1712 a
1425 1670 1537 1712 nobis
1558 1670 1665 1711 simi-

113 1739 312 1785 tit-dine·
345 1747 460 1783 caute
488 1754 533 1781 ac
569 1741 782 1796 prudenter
808 1739 1005 1795 accipere.
1066 1738 1209 1795 Neque
1243 1740 1345 1781 enim
1375 1739 1450 1780 una
1478 1738 1603 1780 sacris
1623 1738 1664 1780 in

113 1809 241 1853 literis
256 1808 469 1853 similitudo
492 1815 572 1850 tota
594 1822 642 1850 ac
665 1808 821 1865 penitus
848 1815 1072 1864 usurpatur.
1135 1806 1254 1850 Velut
1278 1822 1364 1850 cum
1385 1806 1548 1859 dicitur,
1592 1809 1664 1848 Ca·
1681 1813 1758 1842 Ge·-
1778 1813 1824 1848 ⁴⁹,
1843 1813 1869 1841 ⁸-

115 1879 219 1921 anons
241 1875 360 1920 (aab
380 1879 491 1919 luda.
555 1874 599 1918 in
627 1891 704 1933 quo
738 1876 974 1918 fortitudinis
1008 1891 1055 1918 ac
1078 1876 1212 1932 regiae
1243 1876 1441 1919 cniusdam
1465 1876 1665 1918 excellen-

115 1945 219 1997 tiso,
248 1945 409 2003 quaein
434 1944 500 1987 itta
528 1945 610 1987 iera
631 1945 831 1996 cernitur,
878 1945 1009 1987 habita
1034 1945 1135 1987 ratio
1170 1952 1254 1997 est,
1299 1959 1372 1987 nec
1395 1945 1485 1986 inud
1512 1952 1665 2000 specta-

116 2020 197 2056 tum
218 2019 305 2066 est,
345 2013 446 2069 qnod
475 2013 638 2055 rationis
670 2027 817 2070 expers
847 2012 897 2055 sit
931 2027 978 2054 ac
1002 2027 1143 2070 rapax.
1205 2012 1275 2057 Sic
1300 2021 1340 2054 et
1365 2014 1404 2055 in
1432 2021 1543 2055 veste
1570 2013 1665 2055 nihil

116 2081 208 2125 iliud
235 2081 284 2124 ad
317 2081 510 2124 rationem
544 2088 718 2123 nostram
749 2081 941 2138 pertinet,
986 2082 1087 2138 quod
1113 2082 1150 2124 id
1175 2082 1281 2124 indui
1314 2082 1487 2137 esuique
1518 2082 1661 2124 soleat.

117 2147 254 2194 Semel
271 2150 402 2201 enim,
445 2156 488 2191 ut
510 2149 695 2205 scriptum
726 2158 788 2191 est
812 2153 980 2191 decorem
1006 2153 1152 2200 1’ndu1't,
1196 2151 1336 2192 deinde
1361 2165 1458 2192 vero
1488 2154 1662 2191 virtutem
1680 2162 1870 2198 ruinam.

118 2220 265 2268 fflt,
306 2232 354 2260 ac
380 2220 599 2271 praecinit
624 2232 679 2258 se.
741 2215 786 2260 ln
817 2232 894 2274 quo
924 2218 1089 2275 apostoli
1122 2219 1186 2261 ina
1214 2233 1295 2261 vox
1323 2219 1528 2274 impietur,
1573 2221 1660 2260 Non
1686 2232 1774 2261 nou.
1793 2232 1821 2268 s,
1842 2232 1868 2260 s.

117 2290 191 2329 fen
220 2289 405 2335 κονίαν,
448 2300 549 2327 mors
567 2287 632 2326 tui
650 2287 754 2328 ultra
773 2301 848 2328 non
870 2289 1099 2328 domabuntur.
1164 2285 1277 2342 Quae
1302 2302 1388 2330 cum
1412 2288 1463 2329 ita
1486 2300 1577 2329 sese
1600 2287 1668 2328 ha-

116 2355 257 2407 beant,
302 2355 375 2397 boc
410 2354 457 2395 ad
488 2353 548 2395 sui
583 2354 773 2408 dogmatis
810 2355 1066 2410 patrocinium
1105 2356 1248 2397 fratres
1283 2356 1407 2398 nostri
1443 2358 1663 2412 proferunt,

116 2425 198 2466 Noe
215 2431 339 2465 autent
362 2430 516 2463 mentem
541 2424 689 2463 Christi
706 2423 896 2463 habemus.
940 2421 1054 2478 Quae
1072 2437 1126 2466 ex
1147 2423 1301 2466 illorum
1322 2438 1523 2474 sermone,
1549 2437 1662 2479 quem
1677 2436 1814 2472 soona,
1828 2438 1871 2467 ιο.

114 2492 155 2536 in
186 2505 236 2535 eo
267 2497 499 2547 argumento
535 2496 744 2546 usurpant,
792 2491 983 2547 suspicari
1023 2492 1139 2544 licet,
1185 2492 1348 2535 atteram
1389 2493 1476 2534 illos
1514 2489 1664 2533 Christi

116 2566 286 2603 mentem
318 2573 501 2603 asserere
533 2558 720 2600 votuisse.
784 2556 864 2601 Sed
888 2559 920 2600 si
946 2559 1189 2602 divinitatem
1222 2561 1270 2602 ab
1294 2559 1566 2602 incarnatione
1590 2574 1667 2601 non

117 2635 325 2686 septum,
371 2628 440 2670 sed
467 2626 623 2670 unicum
652 2641 697 2669 ae
723 2626 893 2683 simplex
919 2627 1202 2671 incarnationis
1230 2629 1429 2684 negotium
1455 2628 1546 2670 inud
1579 2641 1669 2670 esse

116 2703 279 2754 putam,
319 2697 408 2753 quid
433 2697 587 2738 tandem
613 2694 799 2737 eximium
825 2694 912 2744 itta,
957 2709 1057 2751 quae
1080 2696 1246 2748 dieitur,
1288 2694 1439 2738 Christi
1466 2709 1576 2737 mens
1602 2695 1668 2738 ha-

116 2763 252 2808 bebit?
310 2765 375 2808 Aa
401 2778 471 2821 per
492 2778 536 2805 se
557 2763 683 2820 ipsum
704 2763 765 2805 dei
791 2762 953 2805 verbum
977 2763 1135 2815 existit,
1180 2778 1253 2806 nee
1278 2764 1445 2807 humana
1472 2771 1602 2807 mente
1628 2764 1668 2807 in

116 2832 390 2876 incarnatione
412 2833 628 2889 praeditum
654 2833 741 2873 est?
770 2844 869 2887 quae
897 2838 960 2873 est
980 2831 1133 2874 iliorum
1157 2832 1305 2888 opinio.
1368 2833 1431 2874 An
1457 2831 1530 2874 alia
1555 2846 1667 2889 prae-

118 2907 179 2943 ter
201 2900 416 2944 divinitatis
438 2899 666 2957 hypostasin
693 2901 730 2942 in
756 2898 918 2942 Christo
942 2913 1051 2941 mens
1087 2901 1262 2942 residet?
1321 2901 1383 2942 An
1418 2901 1545 2957 potins
1568 2901 1667 2943 seri-

119 2975 256 3025 pturae
293 2969 358 3011 itte
390 2983 475 3011 mos
510 2977 596 3020 est,
642 2976 681 3011 ut
715 2970 762 3011 ad
797 2982 843 3009 ea
870 2982 970 3023 quae
1008 2969 1046 3010 in
1075 2968 1189 3011 nobis
1222 2976 1415 3024 geruntur
1443 2968 1493 3012 ob
1528 2969 1664 3014 oculos

117 3037 295 3093 ponenda
323 3037 598 3092 grandioribus
628 3036 760 3080 verbis
792 3038 949 3081 utatur?
