<?xml version="1.0" encoding="UTF-8"?>
<!DOCTYPE html PUBLIC "-//W3C//DTD XHTML 1.0 Transitional//EN"
    "http://www.w3.org/TR/xhtml1/DTD/xhtml1-transitional.dtd">
<html xmlns="http://www.w3.org/1999/xhtml" xml:lang="en" lang="en">
 <head>
  <title>
</title>
<meta http-equiv="Content-Type" content="text/html;charset=utf-8" />
  <meta name='ocr-system' content='tesseract 3.04.00' />
  <meta name='ocr-capabilities' content='ocr_page ocr_carea ocr_par ocr_line ocrx_word'/>
</head>
<body>
  <div class='ocr_page' id='page_1' title='image "./corporishaereseo23epip_0505.png"; bbox 0 0 2020 3276; ppageno 0'>
   <div class='ocr_carea' id='block_1_1' title="bbox 351 234 1669 285">
    <p class='ocr_par' dir='ltr' id='par_1_1' title="bbox 351 234 1669 285">
     <span class='ocr_line' id='line_1_1' title="bbox 351 234 1669 285; baseline -0.007 0"><span class='ocrx_word' id='word_1_1' title='bbox 351 250 534 285; x_wconf 67' lang='lat' dir='ltr'>ramum</span> <span class='ocrx_word' id='word_1_2' title='bbox 557 250 641 283; x_wconf 78' lang='lat' dir='ltr'>Lm.</span> <span class='ocrx_word' id='word_1_3' title='bbox 661 249 719 282; x_wconf 86' lang='lat' dir='ltr'>nt.</span> <span class='ocrx_word' id='word_1_4' title='bbox 753 248 862 283; x_wconf 65' lang='lat' dir='ltr'>Tou.</span> <span class='ocrx_word' id='word_1_5' title='bbox 882 248 923 281; x_wconf 89' lang='lat' dir='ltr'>n.</span> <span class='ocrx_word' id='word_1_6' title='bbox 959 247 1113 281; x_wconf 79' lang='lat' dir='ltr'>BXPOS.</span> <span class='ocrx_word' id='word_1_7' title='bbox 1138 246 1225 280; x_wconf 78' lang='lat' dir='ltr'>Flu.</span> <span class='ocrx_word' id='word_1_8' title='bbox 1251 245 1442 279; x_wconf 74' lang='lat' dir='ltr'><strong>CATHOL.</strong></span> <span class='ocrx_word' id='word_1_9' title='bbox 1587 234 1669 276; x_wconf 77' lang='grc'>493</span> 
     </span>
    </p>
   </div>
   <div class='ocr_carea' id='block_1_2' title="bbox 119 322 1880 3077">
    <p class='ocr_par' dir='ltr' id='par_1_2' title="bbox 119 322 1674 1620">
     <span class='ocr_line' id='line_1_2' title="bbox 124 322 1671 384; baseline -0.006 -10"><span class='ocrx_word' id='word_1_10' title='bbox 124 332 329 374; x_wconf 62' lang='lat' dir='ltr'>&#39;nubem</span> <span class='ocrx_word' id='word_1_11' title='bbox 361 329 600 372; x_wconf 73' lang='lat' dir='ltr'>invenimus.</span> <span class='ocrx_word' id='word_1_12' title='bbox 663 326 791 372; x_wconf 89' lang='lat' dir='ltr'>Unum</span> <span class='ocrx_word' id='word_1_13' title='bbox 826 327 966 384; x_wconf 88' lang='lat' dir='ltr'>quibus</span> <span class='ocrx_word' id='word_1_14' title='bbox 996 333 1154 383; x_wconf 88' lang='lat' dir='ltr'>propter</span> <span class='ocrx_word' id='word_1_15' title='bbox 1187 339 1302 367; x_wconf 89' lang='lat' dir='ltr'>unam</span> <span class='ocrx_word' id='word_1_16' title='bbox 1333 325 1437 367; x_wconf 90' lang='lat' dir='ltr'>illam</span> <span class='ocrx_word' id='word_1_17' title='bbox 1462 338 1485 366; x_wconf 87' lang='lat' dir='ltr'>a</span> <span class='ocrx_word' id='word_1_18' title='bbox 1509 322 1671 379; x_wconf 85' lang='lat' dir='ltr'>reliquis</span> 
     </span>
     <span class='ocr_line' id='line_1_3' title="bbox 120 390 1670 455; baseline -0.006 -13"><span class='ocrx_word' id='word_1_19' title='bbox 120 390 342 451; x_wconf 53' lang='lat' dir='ltr'>diffluo,</span> <span class='ocrx_word' id='word_1_20' title='bbox 385 406 425 440; x_wconf 90' lang='lat' dir='ltr'>et</span> <span class='ocrx_word' id='word_1_21' title='bbox 449 398 514 440; x_wconf 89' lang='lat' dir='ltr'>uni</span> <span class='ocrx_word' id='word_1_22' title='bbox 544 411 691 455; x_wconf 89' lang='lat' dir='ltr'>sponso</span> <span class='ocrx_word' id='word_1_23' title='bbox 722 396 931 447; x_wconf 85' lang='lat' dir='ltr'>tributam,</span> <span class='ocrx_word' id='word_1_24' title='bbox 975 396 1022 436; x_wconf 88' lang='lat' dir='ltr'>de</span> <span class='ocrx_word' id='word_1_25' title='bbox 1055 409 1131 450; x_wconf 86' lang='lat' dir='ltr'>qna</span> <span class='ocrx_word' id='word_1_26' title='bbox 1163 393 1382 436; x_wconf 68' lang='lat' dir='ltr'>istiusmodi</span> <span class='ocrx_word' id='word_1_27' title='bbox 1412 392 1670 450; x_wconf 75' lang='lat' dir='ltr'>appellatione</span> 
     </span>
     <span class='ocr_line' id='line_1_4' title="bbox 122 459 1671 518; baseline -0.006 -8"><span class='ocrx_word' id='word_1_28' title='bbox 122 466 382 518; x_wconf 60' lang='lat' dir='ltr'>minatur,</span> <span class='ocrx_word' id='word_1_29' title='bbox 419 469 500 508; x_wconf 76' lang='lat' dir='ltr'>Una</span> <span class='ocrx_word' id='word_1_30' title='bbox 517 473 575 508; x_wconf 74' lang='lat' dir='ltr'>est</span> <span class='ocrx_word' id='word_1_31' title='bbox 591 466 762 508; x_wconf 74' lang='lat' dir='ltr'>eolmnba</span> <span class='ocrx_word' id='word_1_32' title='bbox 782 479 877 513; x_wconf 79' lang='lat' dir='ltr'>mea,</span> <span class='ocrx_word' id='word_1_33' title='bbox 912 470 951 505; x_wconf 91' lang='lat' dir='ltr'>et</span> <span class='ocrx_word' id='word_1_34' title='bbox 972 477 1109 505; x_wconf 90' lang='lat' dir='ltr'>rursus</span> <span class='ocrx_word' id='word_1_35' title='bbox 1124 494 1135 514; x_wconf 93' lang='lat'><strong>‚</strong></span> <span class='ocrx_word' id='word_1_36' title='bbox 1168 464 1339 514; x_wconf 81' lang='lat' dir='ltr'>Perfecta</span> <span class='ocrx_word' id='word_1_37' title='bbox 1361 475 1454 502; x_wconf 83' lang='lat' dir='ltr'>mea.</span> <span class='ocrx_word' id='word_1_38' title='bbox 1516 459 1671 516; x_wconf 78' lang='lat' dir='ltr'>Quibus</span> 
     </span>
     <span class='ocr_line' id='line_1_5' title="bbox 119 529 1674 593; baseline -0.006 -15"><span class='ocrx_word' id='word_1_39' title='bbox 119 534 269 578; x_wconf 58' lang='lat' dir='ltr'>&#39;nfinat</span> <span class='ocrx_word' id='word_1_40' title='bbox 291 534 452 593; x_wconf 84' lang='lat' dir='ltr'>pellices</span> <span class='ocrx_word' id='word_1_41' title='bbox 477 548 614 577; x_wconf 89' lang='lat' dir='ltr'>omnes</span> <span class='ocrx_word' id='word_1_42' title='bbox 637 534 831 590; x_wconf 81' lang='lat' dir='ltr'>ignobiles</span> <span class='ocrx_word' id='word_1_43' title='bbox 854 539 895 574; x_wconf 93' lang='lat' dir='ltr'>et</span> <span class='ocrx_word' id='word_1_44' title='bbox 916 532 1104 573; x_wconf 79' lang='lat' dir='ltr'>obscuras</span> <span class='ocrx_word' id='word_1_45' title='bbox 1128 544 1236 582; x_wconf 88' lang='lat' dir='ltr'>esse,</span> <span class='ocrx_word' id='word_1_46' title='bbox 1269 544 1342 571; x_wconf 93' lang='lat' dir='ltr'>nec</span> <span class='ocrx_word' id='word_1_47' title='bbox 1362 529 1586 571; x_wconf 87' lang='lat' dir='ltr'>innocentia</span> <span class='ocrx_word' id='word_1_48' title='bbox 1606 534 1674 569; x_wconf 82' lang='lat' dir='ltr'>aut</span> 
     </span>
     <span class='ocr_line' id='line_1_6' title="bbox 123 596 1670 656; baseline -0.006 -9"><span class='ocrx_word' id='word_1_49' title='bbox 123 603 309 647; x_wconf 63' lang='lat' dir='ltr'>mutam</span> <span class='ocrx_word' id='word_1_50' title='bbox 337 617 384 646; x_wconf 84' lang='lat' dir='ltr'>ac</span> <span class='ocrx_word' id='word_1_51' title='bbox 405 603 566 646; x_wconf 89' lang='lat' dir='ltr'>lenitate</span> <span class='ocrx_word' id='word_1_52' title='bbox 597 603 768 645; x_wconf 90' lang='lat' dir='ltr'>censeri.</span> <span class='ocrx_word' id='word_1_53' title='bbox 832 600 883 643; x_wconf 85' lang='lat' dir='ltr'>Et</span> <span class='ocrx_word' id='word_1_54' title='bbox 914 599 1069 656; x_wconf 88' lang='lat' dir='ltr'>quidem</span> <span class='ocrx_word' id='word_1_55' title='bbox 1095 599 1143 641; x_wconf 87' lang='lat' dir='ltr'>ab</span> <span class='ocrx_word' id='word_1_56' title='bbox 1169 598 1282 640; x_wconf 86' lang='lat' dir='ltr'>initio</span> <span class='ocrx_word' id='word_1_57' title='bbox 1302 599 1349 639; x_wconf 82' lang='lat' dir='ltr'>ad</span> <span class='ocrx_word' id='word_1_58' title='bbox 1376 596 1670 639; x_wconf 82' lang='lat' dir='ltr'>Barbarismum</span> 
     </span>
     <span class='ocr_line' id='line_1_7' title="bbox 122 664 1673 730; baseline -0.006 -15"><span class='ocrx_word' id='word_1_59' title='bbox 122 678 174 716; x_wconf 68' lang='lat' dir='ltr'>te</span> <span class='ocrx_word' id='word_1_60' title='bbox 201 669 469 730; x_wconf 71' lang='lat' dir='ltr'>Sqtbismum</span> <span class='ocrx_word' id='word_1_61' title='bbox 498 672 545 713; x_wconf 81' lang='lat' dir='ltr'>ad</span> <span class='ocrx_word' id='word_1_62' title='bbox 575 678 796 728; x_wconf 91' lang='lat' dir='ltr'>postremos</span> <span class='ocrx_word' id='word_1_63' title='bbox 830 683 953 725; x_wconf 85' lang='lat' dir='ltr'>usque</span> <span class='ocrx_word' id='word_1_64' title='bbox 989 666 1256 710; x_wconf 84' lang='lat' dir='ltr'>Massalianos</span> <span class='ocrx_word' id='word_1_65' title='bbox 1287 664 1451 708; x_wconf 85' lang='lat' dir='ltr'>LXXV</span> <span class='ocrx_word' id='word_1_66' title='bbox 1485 665 1673 707; x_wconf 85' lang='lat' dir='ltr'>haereses</span> 
     </span>
     <span class='ocr_line' id='line_1_8' title="bbox 121 730 1673 817; baseline -0.006 -33"><span class='ocrx_word' id='word_1_67' title='bbox 121 730 345 817; x_wconf 60' lang='lat' dir='ltr'>‘nficriptae</span> <span class='ocrx_word' id='word_1_68' title='bbox 374 748 482 782; x_wconf 91' lang='lat' dir='ltr'>sunt.</span> <span class='ocrx_word' id='word_1_69' title='bbox 543 740 606 782; x_wconf 77' lang='lat' dir='ltr'>Ad</span> <span class='ocrx_word' id='word_1_70' title='bbox 640 753 736 796; x_wconf 84' lang='lat' dir='ltr'>quas</span> <span class='ocrx_word' id='word_1_71' title='bbox 763 737 1030 789; x_wconf 82' lang='lat' dir='ltr'>Hellenismo,</span> <span class='ocrx_word' id='word_1_72' title='bbox 1070 736 1173 778; x_wconf 91' lang='lat' dir='ltr'>unde</span> <span class='ocrx_word' id='word_1_73' title='bbox 1198 735 1401 790; x_wconf 74' lang='lat' dir='ltr'>gentilium</span> <span class='ocrx_word' id='word_1_74' title='bbox 1432 741 1590 786; x_wconf 84' lang='lat' dir='ltr'>sectae,</span> <span class='ocrx_word' id='word_1_75' title='bbox 1632 740 1673 774; x_wconf 90' lang='lat' dir='ltr'>et</span> 
     </span>
     <span class='ocr_line' id='line_1_9' title="bbox 123 801 1672 864; baseline -0.006 -12"><span class='ocrx_word' id='word_1_76' title='bbox 123 807 348 861; x_wconf 62' lang='lat' dir='ltr'>ludaismo,</span> <span class='ocrx_word' id='word_1_77' title='bbox 379 822 402 850; x_wconf 88' lang='lat' dir='ltr'>a</span> <span class='ocrx_word' id='word_1_78' title='bbox 424 823 502 864; x_wconf 85' lang='lat' dir='ltr'>quo</span> <span class='ocrx_word' id='word_1_79' title='bbox 527 806 710 850; x_wconf 84' lang='lat' dir='ltr'>ludai&#39;eae</span> <span class='ocrx_word' id='word_1_80' title='bbox 730 805 1146 861; x_wconf 86' lang='lat' dir='ltr'>Samaritanornmque</span> <span class='ocrx_word' id='word_1_81' title='bbox 1171 803 1364 854; x_wconf 75' lang='lat' dir='ltr'>factione,</span> <span class='ocrx_word' id='word_1_82' title='bbox 1407 804 1510 845; x_wconf 88' lang='lat' dir='ltr'>uude</span> <span class='ocrx_word' id='word_1_83' title='bbox 1533 801 1672 845; x_wconf 79' lang='lat' dir='ltr'>Sama·</span> 
     </span>
     <span class='ocr_line' id='line_1_10' title="bbox 122 871 1671 929; baseline -0.006 -9"><span class='ocrx_word' id='word_1_84' title='bbox 122 877 264 920; x_wconf 61' lang='lat' dir='ltr'>nitieae</span> <span class='ocrx_word' id='word_1_85' title='bbox 301 884 536 929; x_wconf 84' lang='lat' dir='ltr'>manarunt,</span> <span class='ocrx_word' id='word_1_86' title='bbox 579 875 878 928; x_wconf 75' lang='lat' dir='ltr'>accedentibus,</span> <span class='ocrx_word' id='word_1_87' title='bbox 925 875 998 916; x_wconf 82' lang='lat' dir='ltr'>lioc</span> <span class='ocrx_word' id='word_1_88' title='bbox 1030 881 1089 916; x_wconf 89' lang='lat' dir='ltr'>est</span> <span class='ocrx_word' id='word_1_89' title='bbox 1120 873 1246 915; x_wconf 88' lang='lat' dir='ltr'>tribus</span> <span class='ocrx_word' id='word_1_90' title='bbox 1276 872 1436 913; x_wconf 90' lang='lat' dir='ltr'>omnino</span> <span class='ocrx_word' id='word_1_91' title='bbox 1466 871 1587 913; x_wconf 85' lang='lat' dir='ltr'>sectis</span> <span class='ocrx_word' id='word_1_92' title='bbox 1623 871 1671 912; x_wconf 88' lang='lat' dir='ltr'>ad</span> 
     </span>
     <span class='ocr_line' id='line_1_11' title="bbox 120 938 1674 1002; baseline -0.006 -13"><span class='ocrx_word' id='word_1_93' title='bbox 120 942 332 990; x_wconf 72' lang='lat' dir='ltr'>mvl!</span> <span class='ocrx_word' id='word_1_94' title='bbox 357 946 600 1002; x_wconf 75' lang='lat' dir='ltr'>superiores,</span> <span class='ocrx_word' id='word_1_95' title='bbox 632 941 803 986; x_wconf 83' lang='lat' dir='ltr'>LXXX</span> <span class='ocrx_word' id='word_1_96' title='bbox 825 957 1011 985; x_wconf 86' lang='lat' dir='ltr'>numerus</span> <span class='ocrx_word' id='word_1_97' title='bbox 1032 942 1212 984; x_wconf 87' lang='lat' dir='ltr'>efficitur.</span> <span class='ocrx_word' id='word_1_98' title='bbox 1274 938 1468 995; x_wconf 78' lang='lat' dir='ltr'>Superest</span> <span class='ocrx_word' id='word_1_99' title='bbox 1488 954 1581 991; x_wconf 82' lang='lat' dir='ltr'>iina,</span> <span class='ocrx_word' id='word_1_100' title='bbox 1614 939 1674 981; x_wconf 92' lang='lat' dir='ltr'>ni-</span> 
     </span>
     <span class='ocr_line' id='line_1_12' title="bbox 123 1007 1674 1067; baseline -0.006 -10"><span class='ocrx_word' id='word_1_101' title='bbox 123 1013 265 1058; x_wconf 83' lang='lat' dir='ltr'>mirum</span> <span class='ocrx_word' id='word_1_102' title='bbox 283 1020 421 1057; x_wconf 87' lang='lat' dir='ltr'>sancta</span> <span class='ocrx_word' id='word_1_103' title='bbox 442 1020 482 1055; x_wconf 92' lang='lat' dir='ltr'>et</span> <span class='ocrx_word' id='word_1_104' title='bbox 502 1012 714 1065; x_wconf 80' lang='lat' dir='ltr'>catholica,</span> <span class='ocrx_word' id='word_1_105' title='bbox 746 1013 936 1064; x_wconf 87' lang='lat' dir='ltr'>ecclesia,</span> <span class='ocrx_word' id='word_1_106' title='bbox 969 1025 1070 1067; x_wconf 86' lang='lat' dir='ltr'>quae</span> <span class='ocrx_word' id='word_1_107' title='bbox 1093 1023 1189 1052; x_wconf 89' lang='lat' dir='ltr'>vere</span> <span class='ocrx_word' id='word_1_108' title='bbox 1210 1007 1435 1052; x_wconf 86' lang='lat' dir='ltr'>Christiana</span> <span class='ocrx_word' id='word_1_109' title='bbox 1457 1009 1597 1064; x_wconf 84' lang='lat' dir='ltr'>religio</span> <span class='ocrx_word' id='word_1_110' title='bbox 1617 1008 1674 1050; x_wconf 90' lang='lat' dir='ltr'>di·</span> 
     </span>
     <span class='ocr_line' id='line_1_13' title="bbox 123 1077 1671 1139; baseline -0.005 -13"><span class='ocrx_word' id='word_1_111' title='bbox 123 1082 252 1136; x_wconf 71' lang='lat' dir='ltr'>citnr,</span> <span class='ocrx_word' id='word_1_112' title='bbox 293 1096 471 1139; x_wconf 81' lang='lat' dir='ltr'>quaeque</span> <span class='ocrx_word' id='word_1_113' title='bbox 493 1083 569 1124; x_wconf 90' lang='lat' dir='ltr'>iam</span> <span class='ocrx_word' id='word_1_114' title='bbox 593 1089 672 1124; x_wconf 90' lang='lat' dir='ltr'>tum</span> <span class='ocrx_word' id='word_1_115' title='bbox 699 1080 813 1133; x_wconf 90' lang='lat' dir='ltr'>olim,</span> <span class='ocrx_word' id='word_1_116' title='bbox 856 1089 896 1123; x_wconf 88' lang='lat' dir='ltr'>et</span> <span class='ocrx_word' id='word_1_117' title='bbox 918 1095 1006 1123; x_wconf 88' lang='lat' dir='ltr'>cum</span> <span class='ocrx_word' id='word_1_118' title='bbox 1037 1080 1216 1130; x_wconf 82' lang='lat' dir='ltr'>Adamo,</span> <span class='ocrx_word' id='word_1_119' title='bbox 1258 1078 1339 1119; x_wconf 90' lang='lat' dir='ltr'>imo</span> <span class='ocrx_word' id='word_1_120' title='bbox 1362 1085 1455 1119; x_wconf 88' lang='lat' dir='ltr'>ante</span> <span class='ocrx_word' id='word_1_121' title='bbox 1478 1077 1671 1119; x_wconf 86' lang='lat' dir='ltr'>Adamum</span> 
     </span>
     <span class='ocr_line' id='line_1_14' title="bbox 121 1144 1673 1208; baseline -0.005 -14"><span class='ocrx_word' id='word_1_122' title='bbox 121 1144 274 1208; x_wconf 71' lang='lat' dir='ltr'>ipsum,</span> <span class='ocrx_word' id='word_1_123' title='bbox 317 1151 494 1207; x_wconf 83' lang='lat' dir='ltr'>adeoque</span> <span class='ocrx_word' id='word_1_124' title='bbox 525 1157 617 1192; x_wconf 85' lang='lat' dir='ltr'>ante</span> <span class='ocrx_word' id='word_1_125' title='bbox 639 1151 769 1192; x_wconf 80' lang='lat' dir='ltr'>omnia</span> <span class='ocrx_word' id='word_1_126' title='bbox 790 1150 949 1191; x_wconf 84' lang='lat' dir='ltr'>saecula</span> <span class='ocrx_word' id='word_1_127' title='bbox 980 1163 1068 1191; x_wconf 90' lang='lat' dir='ltr'>cum</span> <span class='ocrx_word' id='word_1_128' title='bbox 1090 1145 1253 1190; x_wconf 84' lang='lat' dir='ltr'>Christo</span> <span class='ocrx_word' id='word_1_129' title='bbox 1275 1146 1428 1199; x_wconf 88' lang='lat' dir='ltr'>floruit,</span> <span class='ocrx_word' id='word_1_130' title='bbox 1470 1147 1518 1188; x_wconf 92' lang='lat' dir='ltr'>de</span> <span class='ocrx_word' id='word_1_131' title='bbox 1553 1146 1673 1203; x_wconf 82' lang='lat' dir='ltr'>patris</span> 
     </span>
     <span class='ocr_line' id='line_1_15' title="bbox 125 1215 1673 1275; baseline -0.005 -12"><span class='ocrx_word' id='word_1_132' title='bbox 125 1234 172 1263; x_wconf 86' lang='lat' dir='ltr'>ac</span> <span class='ocrx_word' id='word_1_133' title='bbox 195 1220 263 1262; x_wconf 84' lang='lat' dir='ltr'>lilii</span> <span class='ocrx_word' id='word_1_134' title='bbox 288 1226 330 1261; x_wconf 90' lang='lat' dir='ltr'>et</span> <span class='ocrx_word' id='word_1_135' title='bbox 349 1219 510 1275; x_wconf 86' lang='lat' dir='ltr'>spiritus</span> <span class='ocrx_word' id='word_1_136' title='bbox 540 1219 666 1262; x_wconf 81' lang='lat' dir='ltr'>sancti</span> <span class='ocrx_word' id='word_1_137' title='bbox 697 1219 914 1260; x_wconf 84' lang='lat' dir='ltr'>voluntate.</span> <span class='ocrx_word' id='word_1_138' title='bbox 976 1215 1052 1259; x_wconf 89' lang='lat' dir='ltr'>Cui</span> <span class='ocrx_word' id='word_1_139' title='bbox 1079 1216 1233 1272; x_wconf 89' lang='lat' dir='ltr'>quidem</span> <span class='ocrx_word' id='word_1_140' title='bbox 1256 1229 1392 1257; x_wconf 90' lang='lat' dir='ltr'>eorum</span> <span class='ocrx_word' id='word_1_141' title='bbox 1414 1215 1584 1257; x_wconf 89' lang='lat' dir='ltr'>omnium</span> <span class='ocrx_word' id='word_1_142' title='bbox 1608 1215 1673 1270; x_wconf 87' lang='lat' dir='ltr'>qui</span> 
     </span>
     <span class='ocr_line' id='line_1_16' title="bbox 122 1283 1673 1346; baseline -0.005 -15"><span class='ocrx_word' id='word_1_143' title='bbox 122 1287 166 1331; x_wconf 80' lang='lat' dir='ltr'>in</span> <span class='ocrx_word' id='word_1_144' title='bbox 206 1287 380 1346; x_wconf 74' lang='lat' dir='ltr'>qnalibet</span> <span class='ocrx_word' id='word_1_145' title='bbox 409 1287 667 1344; x_wconf 84' lang='lat' dir='ltr'>generatione</span> <span class='ocrx_word' id='word_1_146' title='bbox 702 1287 776 1329; x_wconf 91' lang='lat' dir='ltr'>deo</span> <span class='ocrx_word' id='word_1_147' title='bbox 816 1287 1044 1344; x_wconf 88' lang='lat' dir='ltr'>placuerunt</span> <span class='ocrx_word' id='word_1_148' title='bbox 1080 1293 1256 1341; x_wconf 88' lang='lat' dir='ltr'>tempore</span> <span class='ocrx_word' id='word_1_149' title='bbox 1301 1284 1398 1326; x_wconf 83' lang='lat' dir='ltr'>fides</span> <span class='ocrx_word' id='word_1_150' title='bbox 1439 1291 1502 1326; x_wconf 90' lang='lat' dir='ltr'>est</span> <span class='ocrx_word' id='word_1_151' title='bbox 1543 1283 1673 1324; x_wconf 83' lang='lat' dir='ltr'>habita</span> 
     </span>
     <span class='ocr_line' id='line_1_17' title="bbox 123 1353 1673 1408; baseline -0.004 -9"><span class='ocrx_word' id='word_1_152' title='bbox 123 1363 167 1400; x_wconf 82' lang='lat' dir='ltr'>et</span> <span class='ocrx_word' id='word_1_153' title='bbox 194 1356 430 1400; x_wconf 75' lang='lat' dir='ltr'>adveniente</span> <span class='ocrx_word' id='word_1_154' title='bbox 462 1356 502 1398; x_wconf 91' lang='lat' dir='ltr'>in</span> <span class='ocrx_word' id='word_1_155' title='bbox 536 1356 637 1398; x_wconf 90' lang='lat' dir='ltr'>bunc</span> <span class='ocrx_word' id='word_1_156' title='bbox 667 1356 850 1397; x_wconf 88' lang='lat' dir='ltr'>mundum</span> <span class='ocrx_word' id='word_1_157' title='bbox 877 1353 1039 1397; x_wconf 85' lang='lat' dir='ltr'>Christo</span> <span class='ocrx_word' id='word_1_158' title='bbox 1069 1353 1227 1396; x_wconf 90' lang='lat' dir='ltr'>domino</span> <span class='ocrx_word' id='word_1_159' title='bbox 1249 1353 1456 1394; x_wconf 74' lang='lat' dir='ltr'>manifeste</span> <span class='ocrx_word' id='word_1_160' title='bbox 1482 1359 1545 1394; x_wconf 90' lang='lat' dir='ltr'>est</span> <span class='ocrx_word' id='word_1_161' title='bbox 1565 1359 1673 1408; x_wconf 86' lang='lat' dir='ltr'>pate-</span> 
     </span>
     <span class='ocr_line' id='line_1_18' title="bbox 125 1420 1671 1481; baseline -0.005 -13"><span class='ocrx_word' id='word_1_162' title='bbox 125 1425 254 1478; x_wconf 69' lang='lat' dir='ltr'>iacta,</span> <span class='ocrx_word' id='word_1_163' title='bbox 297 1438 401 1467; x_wconf 89' lang='lat' dir='ltr'>nnnc</span> <span class='ocrx_word' id='word_1_164' title='bbox 432 1431 563 1467; x_wconf 87' lang='lat' dir='ltr'>autem</span> <span class='ocrx_word' id='word_1_165' title='bbox 591 1431 678 1480; x_wconf 88' lang='lat' dir='ltr'>post</span> <span class='ocrx_word' id='word_1_166' title='bbox 700 1425 927 1481; x_wconf 69' lang='lat' dir='ltr'>superiores</span> <span class='ocrx_word' id='word_1_167' title='bbox 953 1436 1091 1465; x_wconf 86' lang='lat' dir='ltr'>omnes</span> <span class='ocrx_word' id='word_1_168' title='bbox 1123 1422 1335 1473; x_wconf 82' lang='lat' dir='ltr'>haereses,</span> <span class='ocrx_word' id='word_1_169' title='bbox 1380 1420 1467 1463; x_wconf 86' lang='lat' dir='ltr'>sive</span> <span class='ocrx_word' id='word_1_170' title='bbox 1493 1420 1671 1477; x_wconf 85' lang='lat' dir='ltr'>pellices,</span> 
     </span>
     <span class='ocr_line' id='line_1_19' title="bbox 124 1488 1674 1550; baseline -0.004 -14"><span class='ocrx_word' id='word_1_171' title='bbox 124 1494 306 1538; x_wconf 87' lang='lat' dir='ltr'>oratione</span> <span class='ocrx_word' id='word_1_172' title='bbox 327 1499 463 1536; x_wconf 84' lang='lat' dir='ltr'>nostra</span> <span class='ocrx_word' id='word_1_173' title='bbox 486 1492 771 1550; x_wconf 81' lang='lat' dir='ltr'>praedicanda,</span> <span class='ocrx_word' id='word_1_174' title='bbox 813 1492 1137 1549; x_wconf 81' lang='lat' dir='ltr'>quemadmodum</span> <span class='ocrx_word' id='word_1_175' title='bbox 1166 1489 1334 1533; x_wconf 86' lang='lat' dir='ltr'>instituti</span> <span class='ocrx_word' id='word_1_176' title='bbox 1358 1488 1553 1531; x_wconf 87' lang='lat' dir='ltr'>sermonis</span> <span class='ocrx_word' id='word_1_177' title='bbox 1577 1489 1674 1530; x_wconf 93' lang='lat' dir='ltr'>ordo</span> 
     </span>
     <span class='ocr_line' id='line_1_20' title="bbox 122 1561 308 1620; baseline -0.016 -13"><span class='ocrx_word' id='word_1_178' title='bbox 122 1561 308 1620; x_wconf 82' lang='lat' dir='ltr'>postulat.</span> 
     </span>
    </p>

    <p class='ocr_par' dir='ltr' id='par_1_3' title="bbox 123 1626 1880 3077">
     <span class='ocr_line' id='line_1_21' title="bbox 228 1626 1863 1688; baseline -0.006 -14"><span class='ocrx_word' id='word_1_179' title='bbox 228 1628 392 1688; x_wconf 75' lang='lat' dir='ltr'>-Qnippe</span> <span class='ocrx_word' id='word_1_180' title='bbox 414 1630 577 1672; x_wconf 79' lang='lat' dir='ltr'>verbum</span> <span class='ocrx_word' id='word_1_181' title='bbox 600 1630 724 1686; x_wconf 90' lang='lat' dir='ltr'>ipsum</span> <span class='ocrx_word' id='word_1_182' title='bbox 749 1630 787 1672; x_wconf 94' lang='lat' dir='ltr'>in</span> <span class='ocrx_word' id='word_1_183' title='bbox 820 1628 999 1673; x_wconf 81' lang='lat' dir='ltr'>Canticis</span> <span class='ocrx_word' id='word_1_184' title='bbox 1025 1628 1099 1670; x_wconf 87' lang='lat' dir='ltr'>boc</span> <span class='ocrx_word' id='word_1_185' title='bbox 1123 1627 1239 1669; x_wconf 93' lang='lat' dir='ltr'>modo</span> <span class='ocrx_word' id='word_1_186' title='bbox 1265 1626 1510 1669; x_wconf 83' lang='lat' dir='ltr'>numeravit:</span> <span class='ocrx_word' id='word_1_187' title='bbox 1551 1628 1673 1666; x_wconf 69' lang='lat' dir='ltr'>Sem·</span> <span class='ocrx_word' id='word_1_188' title='bbox 1698 1630 1863 1676; x_wconf 79' lang='lat' dir='ltr'>Cap.vn.</span> 
     </span>
     <span class='ocr_line' id='line_1_22' title="bbox 123 1698 1675 1755; baseline -0.005 -13"><span class='ocrx_word' id='word_1_189' title='bbox 123 1702 238 1755; x_wconf 61' lang='lat' dir='ltr'>gebu</span> <span class='ocrx_word' id='word_1_190' title='bbox 255 1702 433 1754; x_wconf 65' lang='lat' dir='ltr'>regrina,</span> <span class='ocrx_word' id='word_1_191' title='bbox 465 1706 505 1740; x_wconf 81' lang='lat' dir='ltr'>et</span> <span class='ocrx_word' id='word_1_192' title='bbox 521 1702 715 1752; x_wconf 80' lang='lat' dir='ltr'>octoginta</span> <span class='ocrx_word' id='word_1_193' title='bbox 735 1701 905 1752; x_wconf 57' lang='lat' dir='ltr'>pelleres,</span> <span class='ocrx_word' id='word_1_194' title='bbox 939 1706 977 1739; x_wconf 79' lang='lat' dir='ltr'>el</span> <span class='ocrx_word' id='word_1_195' title='bbox 1000 1698 1299 1738; x_wconf 77' lang='lat' dir='ltr'>adolescentulas</span> <span class='ocrx_word' id='word_1_196' title='bbox 1317 1709 1477 1750; x_wconf 83' lang='lat' dir='ltr'>quarum</span> <span class='ocrx_word' id='word_1_197' title='bbox 1497 1709 1675 1736; x_wconf 75' lang='lat' dir='ltr'>numerus</span> 
     </span>
     <span class='ocr_line' id='line_1_23' title="bbox 124 1767 1680 1823; baseline -0.004 -12"><span class='ocrx_word' id='word_1_198' title='bbox 124 1776 204 1811; x_wconf 61' lang='lat' dir='ltr'>nn</span> <span class='ocrx_word' id='word_1_199' title='bbox 223 1775 302 1811; x_wconf 76' lang='lat' dir='ltr'>est.-</span> <span class='ocrx_word' id='word_1_200' title='bbox 334 1782 410 1809; x_wconf 76' lang='lat' dir='ltr'>m</span> <span class='ocrx_word' id='word_1_201' title='bbox 428 1776 510 1817; x_wconf 78' lang='lat' dir='ltr'>est,</span> <span class='ocrx_word' id='word_1_202' title='bbox 543 1768 685 1823; x_wconf 85' lang='lat' dir='ltr'>inquit,</span> <span class='ocrx_word' id='word_1_203' title='bbox 715 1769 887 1808; x_wconf 79' lang='lat' dir='ltr'>columba</span> <span class='ocrx_word' id='word_1_204' title='bbox 908 1782 1002 1817; x_wconf 76' lang='lat' dir='ltr'>meo,</span> <span class='ocrx_word' id='word_1_205' title='bbox 1031 1767 1203 1820; x_wconf 79' lang='lat' dir='ltr'>perfecta</span> <span class='ocrx_word' id='word_1_206' title='bbox 1226 1779 1321 1814; x_wconf 77' lang='lat' dir='ltr'>mea,</span> <span class='ocrx_word' id='word_1_207' title='bbox 1355 1767 1467 1805; x_wconf 77' lang='lat' dir='ltr'>um&#39;m</span> <span class='ocrx_word' id='word_1_208' title='bbox 1486 1772 1547 1805; x_wconf 76' lang='lat' dir='ltr'>est</span> <span class='ocrx_word' id='word_1_209' title='bbox 1561 1767 1680 1805; x_wconf 76' lang='lat' dir='ltr'>matri</span> 
     </span>
     <span class='ocr_line' id='line_1_24' title="bbox 123 1833 1672 1891; baseline -0.003 -12"><span class='ocrx_word' id='word_1_210' title='bbox 123 1840 240 1888; x_wconf 62' lang='lat' dir='ltr'>aba,</span> <span class='ocrx_word' id='word_1_211' title='bbox 279 1838 399 1878; x_wconf 71' lang='lat' dir='ltr'>electa</span> <span class='ocrx_word' id='word_1_212' title='bbox 414 1839 724 1891; x_wconf 60' lang='lat' dir='ltr'>genitr-teitau.</span> <span class='ocrx_word' id='word_1_213' title='bbox 789 1835 895 1878; x_wconf 81' lang='lat' dir='ltr'>&#39;rum</span> <span class='ocrx_word' id='word_1_214' title='bbox 931 1836 1021 1878; x_wconf 90' lang='lat' dir='ltr'>illud</span> <span class='ocrx_word' id='word_1_215' title='bbox 1053 1836 1320 1887; x_wconf 87' lang='lat' dir='ltr'>demonstrat,</span> <span class='ocrx_word' id='word_1_216' title='bbox 1351 1833 1672 1889; x_wconf 88' lang='lat' dir='ltr'>quemadmodum</span> 
     </span>
     <span class='ocr_line' id='line_1_25' title="bbox 125 1901 1672 1964; baseline -0.004 -16"><span class='ocrx_word' id='word_1_217' title='bbox 125 1904 292 1964; x_wconf 76' lang='lat' dir='ltr'>reperiri</span> <span class='ocrx_word' id='word_1_218' title='bbox 323 1904 373 1947; x_wconf 85' lang='lat' dir='ltr'>ab</span> <span class='ocrx_word' id='word_1_219' title='bbox 404 1905 585 1947; x_wconf 89' lang='lat' dir='ltr'>omnibus</span> <span class='ocrx_word' id='word_1_220' title='bbox 618 1905 765 1962; x_wconf 88' lang='lat' dir='ltr'>possit,</span> <span class='ocrx_word' id='word_1_221' title='bbox 810 1911 943 1962; x_wconf 89' lang='lat' dir='ltr'>utpote</span> <span class='ocrx_word' id='word_1_222' title='bbox 982 1917 1083 1960; x_wconf 84' lang='lat' dir='ltr'>quae</span> <span class='ocrx_word' id='word_1_223' title='bbox 1120 1902 1302 1945; x_wconf 89' lang='lat' dir='ltr'>omnibns</span> <span class='ocrx_word' id='word_1_224' title='bbox 1337 1902 1568 1944; x_wconf 87' lang='lat' dir='ltr'>honoratior</span> <span class='ocrx_word' id='word_1_225' title='bbox 1604 1901 1672 1953; x_wconf 91' lang='lat' dir='ltr'>sit,</span> 
     </span>
     <span class='ocr_line' id='line_1_26' title="bbox 126 1970 1675 2032; baseline -0.002 -17"><span class='ocrx_word' id='word_1_226' title='bbox 126 1973 295 2032; x_wconf 77' lang='lat' dir='ltr'>imperet</span> <span class='ocrx_word' id='word_1_227' title='bbox 323 1973 526 2025; x_wconf 86' lang='lat' dir='ltr'>omnibus,</span> <span class='ocrx_word' id='word_1_228' title='bbox 571 1980 688 2029; x_wconf 80' lang='lat' dir='ltr'>atque</span> <span class='ocrx_word' id='word_1_229' title='bbox 718 1973 792 2031; x_wconf 87' lang='lat' dir='ltr'>ipsi</span> <span class='ocrx_word' id='word_1_230' title='bbox 822 1974 906 2015; x_wconf 88' lang='lat' dir='ltr'>sola</span> <span class='ocrx_word' id='word_1_231' title='bbox 931 1974 1038 2015; x_wconf 83' lang='lat' dir='ltr'>velut</span> <span class='ocrx_word' id='word_1_232' title='bbox 1061 1972 1208 2014; x_wconf 84' lang='lat' dir='ltr'>eximia</span> <span class='ocrx_word' id='word_1_233' title='bbox 1235 1971 1288 2013; x_wconf 84' lang='lat' dir='ltr'>sit</span> <span class='ocrx_word' id='word_1_234' title='bbox 1310 1978 1349 2012; x_wconf 89' lang='lat' dir='ltr'>et</span> <span class='ocrx_word' id='word_1_235' title='bbox 1373 1971 1520 2023; x_wconf 86' lang='lat' dir='ltr'>electa,</span> <span class='ocrx_word' id='word_1_236' title='bbox 1564 1970 1675 2012; x_wconf 84' lang='lat' dir='ltr'>cuius</span> 
     </span>
     <span class='ocr_line' id='line_1_27' title="bbox 127 2040 1862 2099; baseline -0.005 -14"><span class='ocrx_word' id='word_1_237' title='bbox 127 2041 196 2085; x_wconf 72' lang='lat' dir='ltr'>filii</span> <span class='ocrx_word' id='word_1_238' title='bbox 220 2054 337 2099; x_wconf 83' lang='lat' dir='ltr'>reges</span> <span class='ocrx_word' id='word_1_239' title='bbox 358 2041 525 2084; x_wconf 79' lang='lat' dir='ltr'>heredes</span> <span class='ocrx_word' id='word_1_240' title='bbox 559 2049 651 2083; x_wconf 83' lang='lat' dir='ltr'>suut</span> <span class='ocrx_word' id='word_1_241' title='bbox 673 2056 719 2084; x_wconf 84' lang='lat' dir='ltr'>ac</span> <span class='ocrx_word' id='word_1_242' title='bbox 741 2042 904 2099; x_wconf 83' lang='lat' dir='ltr'>legitimi</span> <span class='ocrx_word' id='word_1_243' title='bbox 922 2073 934 2094; x_wconf 95' lang='lat'>‚</span> <span class='ocrx_word' id='word_1_244' title='bbox 980 2042 1053 2083; x_wconf 86' lang='lat' dir='ltr'>boc</span> <span class='ocrx_word' id='word_1_245' title='bbox 1076 2047 1135 2083; x_wconf 86' lang='lat' dir='ltr'>est</span> <span class='ocrx_word' id='word_1_246' title='bbox 1155 2042 1417 2094; x_wconf 57' lang='lat' dir='ltr'>promtimbmk</span> <span class='ocrx_word' id='word_1_247' title='bbox 1436 2040 1567 2089; x_wconf 79' lang='lat' dir='ltr'>liberi,</span> <span class='ocrx_word' id='word_1_248' title='bbox 1600 2053 1675 2079; x_wconf 83' lang='lat' dir='ltr'>non</span> <span class='ocrx_word' id='word_1_249' title='bbox 1696 2044 1801 2075; x_wconf 67' lang='lat' dir='ltr'>Gal-⁴·</span> <span class='ocrx_word' id='word_1_250' title='bbox 1818 2045 1862 2074; x_wconf 77' lang='lat'>³1.</span> 
     </span>
     <span class='ocr_line' id='line_1_28' title="bbox 126 2109 1676 2167; baseline -0.002 -15"><span class='ocrx_word' id='word_1_251' title='bbox 126 2111 311 2160; x_wconf 66' lang='lat' dir='ltr'>mdllaee,</span> <span class='ocrx_word' id='word_1_252' title='bbox 353 2123 481 2166; x_wconf 85' lang='lat' dir='ltr'>neque</span> <span class='ocrx_word' id='word_1_253' title='bbox 503 2109 673 2167; x_wconf 87' lang='lat' dir='ltr'>pellicis,</span> <span class='ocrx_word' id='word_1_254' title='bbox 714 2117 1011 2162; x_wconf 80' lang='lat' dir='ltr'>ceterarumve‚</span> <span class='ocrx_word' id='word_1_255' title='bbox 1053 2123 1153 2166; x_wconf 80' lang='lat' dir='ltr'>quae</span> <span class='ocrx_word' id='word_1_256' title='bbox 1176 2109 1282 2151; x_wconf 88' lang='lat' dir='ltr'>nullo</span> <span class='ocrx_word' id='word_1_257' title='bbox 1309 2121 1473 2150; x_wconf 88' lang='lat' dir='ltr'>numero</span> <span class='ocrx_word' id='word_1_258' title='bbox 1495 2121 1676 2164; x_wconf 89' lang='lat' dir='ltr'>compre·</span> 
     </span>
     <span class='ocr_line' id='line_1_29' title="bbox 128 2175 1677 2234; baseline -0.003 -11"><span class='ocrx_word' id='word_1_259' title='bbox 128 2178 368 2223; x_wconf 78' lang='lat' dir='ltr'>bendnntur.</span> <span class='ocrx_word' id='word_1_260' title='bbox 417 2175 609 2234; x_wconf 77' lang='lat' dir='ltr'>Quamvis</span> <span class='ocrx_word' id='word_1_261' title='bbox 630 2178 734 2221; x_wconf 87' lang='lat' dir='ltr'>enim</span> <span class='ocrx_word' id='word_1_262' title='bbox 754 2192 808 2221; x_wconf 85' lang='lat' dir='ltr'>ex</span> <span class='ocrx_word' id='word_1_263' title='bbox 831 2176 1024 2222; x_wconf 85' lang='lat' dir='ltr'>Cbettura</span> <span class='ocrx_word' id='word_1_264' title='bbox 1045 2177 1261 2220; x_wconf 89' lang='lat' dir='ltr'>concubina</span> <span class='ocrx_word' id='word_1_265' title='bbox 1285 2191 1357 2219; x_wconf 86' lang='lat' dir='ltr'>sna</span> <span class='ocrx_word' id='word_1_266' title='bbox 1377 2177 1523 2219; x_wconf 91' lang='lat' dir='ltr'>liberos</span> <span class='ocrx_word' id='word_1_267' title='bbox 1547 2176 1677 2219; x_wconf 78' lang='lat' dir='ltr'>Abra-</span> 
     </span>
     <span class='ocr_line' id='line_1_30' title="bbox 126 2244 1861 2304; baseline -0.003 -12"><span class='ocrx_word' id='word_1_268' title='bbox 126 2247 265 2292; x_wconf 78' lang='lat' dir='ltr'>banms</span> <span class='ocrx_word' id='word_1_269' title='bbox 291 2249 536 2304; x_wconf 76' lang='lat' dir='ltr'>susceperit,</span> <span class='ocrx_word' id='word_1_270' title='bbox 567 2246 711 2289; x_wconf 87' lang='lat' dir='ltr'>nullam</span> <span class='ocrx_word' id='word_1_271' title='bbox 734 2253 864 2289; x_wconf 88' lang='lat' dir='ltr'>tamen</span> <span class='ocrx_word' id='word_1_272' title='bbox 884 2247 949 2290; x_wconf 88' lang='lat' dir='ltr'>isti</span> <span class='ocrx_word' id='word_1_273' title='bbox 973 2261 1060 2289; x_wconf 87' lang='lat' dir='ltr'>cum</span> <span class='ocrx_word' id='word_1_274' title='bbox 1090 2245 1225 2289; x_wconf 86' lang='lat' dir='ltr'>lsaaco</span> <span class='ocrx_word' id='word_1_275' title='bbox 1257 2247 1295 2288; x_wconf 87' lang='lat' dir='ltr'>in</span> <span class='ocrx_word' id='word_1_276' title='bbox 1322 2244 1542 2303; x_wconf 85' lang='lat' dir='ltr'>patrimonii</span> <span class='ocrx_word' id='word_1_277' title='bbox 1568 2259 1674 2287; x_wconf 89' lang='lat' dir='ltr'>com-</span> <span class='ocrx_word' id='word_1_278' title='bbox 1692 2250 1768 2280; x_wconf 64' lang='grc' dir='ltr'>(ἔοι</span> <span class='ocrx_word' id='word_1_279' title='bbox 1779 2250 1861 2288; x_wconf 68' lang='lat' dir='ltr'>²⁵‚t-</span> 
     </span>
     <span class='ocr_line' id='line_1_31' title="bbox 126 2314 1672 2371; baseline -0.004 -11"><span class='ocrx_word' id='word_1_280' title='bbox 126 2316 352 2360; x_wconf 72' lang='lat' dir='ltr'>munionem</span> <span class='ocrx_word' id='word_1_281' title='bbox 378 2317 563 2367; x_wconf 85' lang='lat' dir='ltr'>veniunt,</span> <span class='ocrx_word' id='word_1_282' title='bbox 604 2315 674 2357; x_wconf 89' lang='lat' dir='ltr'>sed</span> <span class='ocrx_word' id='word_1_283' title='bbox 709 2329 871 2357; x_wconf 84' lang='lat' dir='ltr'>munera</span> <span class='ocrx_word' id='word_1_284' title='bbox 909 2315 1123 2367; x_wconf 80' lang='lat' dir='ltr'>duntaxat,</span> <span class='ocrx_word' id='word_1_285' title='bbox 1164 2315 1273 2371; x_wconf 83' lang='lat' dir='ltr'>quasi</span> <span class='ocrx_word' id='word_1_286' title='bbox 1305 2315 1434 2370; x_wconf 85' lang='lat' dir='ltr'>legata</span> <span class='ocrx_word' id='word_1_287' title='bbox 1465 2314 1672 2370; x_wconf 89' lang='lat' dir='ltr'>quaedam,</span> 
     </span>
     <span class='ocr_line' id='line_1_32' title="bbox 129 2381 1673 2442; baseline -0.003 -14"><span class='ocrx_word' id='word_1_288' title='bbox 129 2383 351 2442; x_wconf 74' lang='lat' dir='ltr'>accipiunt3</span> <span class='ocrx_word' id='word_1_289' title='bbox 393 2391 435 2426; x_wconf 89' lang='lat' dir='ltr'>ut</span> <span class='ocrx_word' id='word_1_290' title='bbox 460 2383 610 2426; x_wconf 88' lang='lat' dir='ltr'>altioris</span> <span class='ocrx_word' id='word_1_291' title='bbox 637 2396 709 2425; x_wconf 87' lang='lat' dir='ltr'>nos</span> <span class='ocrx_word' id='word_1_292' title='bbox 734 2396 877 2426; x_wconf 86' lang='lat' dir='ltr'>sensus</span> <span class='ocrx_word' id='word_1_293' title='bbox 907 2383 1031 2439; x_wconf 78' lang='lat' dir='ltr'>figura</span> <span class='ocrx_word' id='word_1_294' title='bbox 1061 2384 1147 2441; x_wconf 80' lang='lat' dir='ltr'>ipsa</span> <span class='ocrx_word' id='word_1_295' title='bbox 1170 2389 1418 2426; x_wconf 88' lang='lat' dir='ltr'>commoneat</span> <span class='ocrx_word' id='word_1_296' title='bbox 1437 2395 1488 2424; x_wconf 89' lang='lat' dir='ltr'>ne</span> <span class='ocrx_word' id='word_1_297' title='bbox 1510 2381 1596 2438; x_wconf 87' lang='lat' dir='ltr'>quis</span> <span class='ocrx_word' id='word_1_298' title='bbox 1625 2381 1673 2423; x_wconf 89' lang='lat' dir='ltr'>de</span> 
     </span>
     <span class='ocr_line' id='line_1_33' title="bbox 128 2448 1675 2509; baseline -0.005 -11"><span class='ocrx_word' id='word_1_299' title='bbox 128 2450 282 2498; x_wconf 73' lang='lat' dir='ltr'>Christi</span> <span class='ocrx_word' id='word_1_300' title='bbox 312 2453 520 2495; x_wconf 81' lang='lat' dir='ltr'>vocatione</span> <span class='ocrx_word' id='word_1_301' title='bbox 547 2452 743 2509; x_wconf 85' lang='lat' dir='ltr'>desperet.</span> <span class='ocrx_word' id='word_1_302' title='bbox 805 2449 911 2494; x_wconf 89' lang='lat' dir='ltr'>Nam</span> <span class='ocrx_word' id='word_1_303' title='bbox 941 2452 1006 2494; x_wconf 80' lang='lat' dir='ltr'>illa</span> <span class='ocrx_word' id='word_1_304' title='bbox 1031 2452 1159 2505; x_wconf 90' lang='lat' dir='ltr'>dona,</span> <span class='ocrx_word' id='word_1_305' title='bbox 1201 2465 1302 2509; x_wconf 88' lang='lat' dir='ltr'>quae</span> <span class='ocrx_word' id='word_1_306' title='bbox 1327 2449 1484 2493; x_wconf 66' lang='lat' dir='ltr'>ismaeli</span> <span class='ocrx_word' id='word_1_307' title='bbox 1509 2448 1675 2493; x_wconf 85' lang='lat' dir='ltr'>Chettu·</span> 
     </span>
     <span class='ocr_line' id='line_1_34' title="bbox 129 2518 1674 2579; baseline -0.004 -14"><span class='ocrx_word' id='word_1_308' title='bbox 129 2533 277 2579; x_wconf 76' lang='lat' dir='ltr'>raeque</span> <span class='ocrx_word' id='word_1_309' title='bbox 312 2521 403 2564; x_wconf 80' lang='lat' dir='ltr'>filiis</span> <span class='ocrx_word' id='word_1_310' title='bbox 436 2520 686 2563; x_wconf 83' lang='lat' dir='ltr'>Abrahamus</span> <span class='ocrx_word' id='word_1_311' title='bbox 722 2519 945 2572; x_wconf 82' lang='lat' dir='ltr'>distribuit,</span> <span class='ocrx_word' id='word_1_312' title='bbox 993 2522 1212 2563; x_wconf 76' lang='lat' dir='ltr'>futurorum</span> <span class='ocrx_word' id='word_1_313' title='bbox 1251 2521 1439 2562; x_wconf 87' lang='lat' dir='ltr'>bonorum</span> <span class='ocrx_word' id='word_1_314' title='bbox 1463 2518 1674 2574; x_wconf 78' lang='lat' dir='ltr'>imaginem</span> 
     </span>
     <span class='ocr_line' id='line_1_35' title="bbox 130 2586 1676 2645; baseline -0.004 -12"><span class='ocrx_word' id='word_1_315' title='bbox 130 2589 436 2642; x_wconf 80' lang='lat' dir='ltr'>adumbrabant,</span> <span class='ocrx_word' id='word_1_316' title='bbox 480 2603 579 2645; x_wconf 85' lang='lat' dir='ltr'>quae</span> <span class='ocrx_word' id='word_1_317' title='bbox 615 2588 819 2631; x_wconf 84' lang='lat' dir='ltr'>conversis</span> <span class='ocrx_word' id='word_1_318' title='bbox 850 2588 896 2630; x_wconf 91' lang='lat' dir='ltr'>ad</span> <span class='ocrx_word' id='word_1_319' title='bbox 930 2588 1042 2630; x_wconf 78' lang='lat' dir='ltr'>iidem</span> <span class='ocrx_word' id='word_1_320' title='bbox 1074 2595 1117 2631; x_wconf 89' lang='lat' dir='ltr'>et</span> <span class='ocrx_word' id='word_1_321' title='bbox 1149 2588 1356 2630; x_wconf 82' lang='lat' dir='ltr'>veritatem</span> <span class='ocrx_word' id='word_1_322' title='bbox 1391 2586 1531 2629; x_wconf 87' lang='lat' dir='ltr'>animis</span> <span class='ocrx_word' id='word_1_323' title='bbox 1561 2593 1676 2628; x_wconf 89' lang='lat' dir='ltr'>erant</span> 
     </span>
     <span class='ocr_line' id='line_1_36' title="bbox 129 2654 1880 2713; baseline -0.004 -11"><span class='ocrx_word' id='word_1_324' title='bbox 129 2657 366 2702; x_wconf 78' lang='lat' dir='ltr'>obventura.</span> <span class='ocrx_word' id='word_1_325' title='bbox 428 2656 584 2700; x_wconf 85' lang='lat' dir='ltr'>Etenim</span> <span class='ocrx_word' id='word_1_326' title='bbox 610 2657 722 2713; x_wconf 80' lang='lat' dir='ltr'>Agar</span> <span class='ocrx_word' id='word_1_327' title='bbox 748 2656 938 2709; x_wconf 84' lang='lat' dir='ltr'>ancillae,</span> <span class='ocrx_word' id='word_1_328' title='bbox 981 2669 1094 2712; x_wconf 88' lang='lat' dir='ltr'>quam</span> <span class='ocrx_word' id='word_1_329' title='bbox 1116 2656 1364 2699; x_wconf 83' lang='lat' dir='ltr'>Abrabamus</span> <span class='ocrx_word' id='word_1_330' title='bbox 1394 2654 1534 2707; x_wconf 87' lang='lat' dir='ltr'>eiecit,</span> <span class='ocrx_word' id='word_1_331' title='bbox 1574 2667 1675 2711; x_wconf 84' lang='lat' dir='ltr'>qnae</span> <span class='ocrx_word' id='word_1_332' title='bbox 1700 2663 1771 2693; x_wconf 77' lang='grc' dir='ltr'>οιι</span> <span class='ocrx_word' id='word_1_333' title='bbox 1789 2665 1818 2700; x_wconf 69' lang='lat' dir='ltr'>t,</span> <span class='ocrx_word' id='word_1_334' title='bbox 1834 2663 1880 2695; x_wconf 73' lang='lat' dir='ltr'>ss.</span> 
     </span>
     <span class='ocr_line' id='line_1_37' title="bbox 130 2723 1675 2781; baseline -0.003 -11"><span class='ocrx_word' id='word_1_335' title='bbox 130 2730 192 2770; x_wconf 85' lang='lat' dir='ltr'>est</span> <span class='ocrx_word' id='word_1_336' title='bbox 219 2726 420 2770; x_wconf 71' lang='lat' dir='ltr'>inferioris</span> <span class='ocrx_word' id='word_1_337' title='bbox 443 2725 691 2768; x_wconf 79' lang='lat' dir='ltr'>Hierusalem</span> <span class='ocrx_word' id='word_1_338' title='bbox 717 2725 839 2781; x_wconf 79' lang='lat' dir='ltr'>ligura</span> <span class='ocrx_word' id='word_1_339' title='bbox 863 2738 949 2767; x_wconf 89' lang='lat' dir='ltr'>cum</span> <span class='ocrx_word' id='word_1_340' title='bbox 981 2724 1116 2768; x_wconf 86' lang='lat' dir='ltr'>liberis</span> <span class='ocrx_word' id='word_1_341' title='bbox 1137 2725 1220 2767; x_wconf 87' lang='lat' dir='ltr'>auis</span> <span class='ocrx_word' id='word_1_342' title='bbox 1244 2739 1321 2767; x_wconf 89' lang='lat' dir='ltr'>una</span> <span class='ocrx_word' id='word_1_343' title='bbox 1353 2723 1586 2775; x_wconf 84' lang='lat' dir='ltr'>servientis,</span> <span class='ocrx_word' id='word_1_344' title='bbox 1627 2724 1675 2766; x_wconf 87' lang='lat' dir='ltr'>de</span> 
     </span>
     <span class='ocr_line' id='line_1_38' title="bbox 132 2793 1835 2852; baseline -0.004 -14"><span class='ocrx_word' id='word_1_345' title='bbox 132 2800 209 2852; x_wconf 70' lang='lat' dir='ltr'>qna</span> <span class='ocrx_word' id='word_1_346' title='bbox 227 2793 413 2852; x_wconf 84' lang='lat' dir='ltr'>scriptum</span> <span class='ocrx_word' id='word_1_347' title='bbox 436 2802 498 2837; x_wconf 83' lang='lat' dir='ltr'>est</span> <span class='ocrx_word' id='word_1_348' title='bbox 511 2827 521 2847; x_wconf 94' lang='lat'><em>‚</em></span> <span class='ocrx_word' id='word_1_349' title='bbox 555 2795 695 2835; x_wconf 74' lang='lat' dir='ltr'>Abiect’</span> <span class='ocrx_word' id='word_1_350' title='bbox 718 2802 871 2834; x_wconf 77' lang='lat' dir='ltr'>matrem</span> <span class='ocrx_word' id='word_1_351' title='bbox 894 2801 1072 2842; x_wconf 77' lang='lat' dir='ltr'>vestram,</span> <span class='ocrx_word' id='word_1_352' title='bbox 1107 2794 1222 2844; x_wconf 90' lang='lat' dir='ltr'>item,</span> <span class='ocrx_word' id='word_1_353' title='bbox 1258 2795 1355 2834; x_wconf 74' lang='lat' dir='ltr'>Dedi</span> <span class='ocrx_word' id='word_1_354' title='bbox 1374 2793 1539 2833; x_wconf 69' lang='lat' dir='ltr'>libellum</span> <span class='ocrx_word' id='word_1_355' title='bbox 1560 2807 1671 2847; x_wconf 67' lang='lat' dir='ltr'>nepu-</span> <span class='ocrx_word' id='word_1_356' title='bbox 1717 2802 1788 2831; x_wconf 76' lang='lat'><strong>000.</strong></span> <span class='ocrx_word' id='word_1_357' title='bbox 1805 2802 1835 2832; x_wconf 70' lang='grc' dir='ltr'>ι.</span> 
     </span>
     <span class='ocr_line' id='line_1_39' title="bbox 132 2861 1675 2918; baseline -0.001 -12"><span class='ocrx_word' id='word_1_358' title='bbox 132 2865 192 2906; x_wconf 68' lang='lat' dir='ltr'>din·</span> <span class='ocrx_word' id='word_1_359' title='bbox 206 2867 245 2906; x_wconf 66' lang='lat' dir='ltr'>{a</span> <span class='ocrx_word' id='word_1_360' title='bbox 266 2878 400 2905; x_wconf 70' lang='lat' dir='ltr'>nunus</span> <span class='ocrx_word' id='word_1_361' title='bbox 419 2865 537 2904; x_wconf 69' lang='lat' dir='ltr'>illius.</span> <span class='ocrx_word' id='word_1_362' title='bbox 603 2861 704 2905; x_wconf 81' lang='lat' dir='ltr'>Huic</span> <span class='ocrx_word' id='word_1_363' title='bbox 725 2863 881 2918; x_wconf 85' lang='lat' dir='ltr'>inquam</span> <span class='ocrx_word' id='word_1_364' title='bbox 907 2862 1020 2917; x_wconf 84' lang='lat' dir='ltr'>Agar</span> <span class='ocrx_word' id='word_1_365' title='bbox 1038 2861 1217 2913; x_wconf 88' lang='lat' dir='ltr'>ancillae,</span> <span class='ocrx_word' id='word_1_366' title='bbox 1250 2862 1297 2903; x_wconf 87' lang='lat' dir='ltr'>ad</span> <span class='ocrx_word' id='word_1_367' title='bbox 1317 2874 1424 2918; x_wconf 85' lang='lat' dir='ltr'>spem</span> <span class='ocrx_word' id='word_1_368' title='bbox 1446 2862 1675 2904; x_wconf 79' lang='lat' dir='ltr'>conversio-</span> 
     </span>
     <span class='ocr_line' id='line_1_40' title="bbox 132 2930 1675 2987; baseline -0.001 -12"><span class='ocrx_word' id='word_1_369' title='bbox 132 2932 195 2975; x_wconf 88' lang='lat' dir='ltr'>nis</span> <span class='ocrx_word' id='word_1_370' title='bbox 215 2931 538 2985; x_wconf 86' lang='lat' dir='ltr'>adumbrandam,</span> <span class='ocrx_word' id='word_1_371' title='bbox 573 2938 660 2973; x_wconf 88' lang='lat' dir='ltr'>uter</span> <span class='ocrx_word' id='word_1_372' title='bbox 681 2944 806 2987; x_wconf 74' lang='lat' dir='ltr'>aquae</span> <span class='ocrx_word' id='word_1_373' title='bbox 829 2931 940 2973; x_wconf 85' lang='lat' dir='ltr'>datus</span> <span class='ocrx_word' id='word_1_374' title='bbox 963 2938 1048 2982; x_wconf 86' lang='lat' dir='ltr'>est,</span> <span class='ocrx_word' id='word_1_375' title='bbox 1091 2945 1167 2987; x_wconf 89' lang='lat' dir='ltr'>quo</span> <span class='ocrx_word' id='word_1_376' title='bbox 1196 2930 1338 2973; x_wconf 81' lang='lat' dir='ltr'>lavacri</span> <span class='ocrx_word' id='word_1_377' title='bbox 1364 2930 1675 2986; x_wconf 78' lang='lat' dir='ltr'>regenerationis</span> 
     </span>
     <span class='ocr_line' id='line_1_41' title="bbox 132 3034 1212 3077; baseline -0.002 -9"><span class='ocrx_word' id='word_1_378' title='bbox 132 3034 205 3068; x_wconf 64' lang='lat' dir='ltr'>edfl-</span> <span class='ocrx_word' id='word_1_379' title='bbox 229 3035 338 3069; x_wconf 72' lang='lat' dir='ltr'>Peum.</span> <span class='ocrx_word' id='word_1_380' title='bbox 365 3036 471 3070; x_wconf 63' lang='lat' dir='ltr'>cotom</span> <span class='ocrx_word' id='word_1_381' title='bbox 493 3040 589 3077; x_wconf 76' lang='lat' dir='ltr'>repet.</span> <span class='ocrx_word' id='word_1_382' title='bbox 926 3034 1020 3066; x_wconf 68' lang='lat' dir='ltr'>etiem</span> <span class='ocrx_word' id='word_1_383' title='bbox 1041 3035 1212 3067; x_wconf 67' lang='lat' dir='ltr'>commun</span> 
     </span>
    </p>
   </div>
   <div class='ocr_carea' id='block_1_3' title="bbox 134 3058 1671 3167">
    <p class='ocr_par' dir='ltr' id='par_1_4' title="bbox 134 3058 1671 3167">
     <span class='ocr_line' id='line_1_42' title="bbox 178 3058 1671 3124; baseline -0.001 -10"><span class='ocrx_word' id='word_1_384' title='bbox 178 3078 212 3114; x_wconf 80' lang='lat'>2.</span> <span class='ocrx_word' id='word_1_385' title='bbox 233 3076 374 3124; x_wconf 55' lang='grc' dir='ltr'>ἀγαθῶν</span> <span class='ocrx_word' id='word_1_386' title='bbox 396 3081 465 3114; x_wconf 70' lang='lat' dir='ltr'>eoa.</span> <span class='ocrx_word' id='word_1_387' title='bbox 490 3082 619 3123; x_wconf 57' lang='lat' dir='ltr'>amia.</span> <span class='ocrx_word' id='word_1_388' title='bbox 664 3077 796 3124; x_wconf 60' lang='grc' dir='ltr'><strong>ἀγαιοῡ</strong></span> <span class='ocrx_word' id='word_1_389' title='bbox 810 3081 878 3112; x_wconf 67' lang='lat' dir='ltr'>wa.</span> <span class='ocrx_word' id='word_1_390' title='bbox 970 3079 1002 3112; x_wconf 80' lang='lat'>3.</span> <span class='ocrx_word' id='word_1_391' title='bbox 1027 3075 1122 3122; x_wconf 59' lang='grc' dir='ltr'>ῡμῶν</span> <span class='ocrx_word' id='word_1_392' title='bbox 1142 3058 1230 3113; x_wconf 57' lang='lat' dir='ltr'>codd</span> <span class='ocrx_word' id='word_1_393' title='bbox 1253 3089 1326 3114; x_wconf 68' lang='lat' dir='ltr'>ma.</span> <span class='ocrx_word' id='word_1_394' title='bbox 1373 3076 1474 3124; x_wconf 59' lang='grc' dir='ltr'>ἡμῶν</span> <span class='ocrx_word' id='word_1_395' title='bbox 1496 3080 1572 3113; x_wconf 69' lang='lat' dir='ltr'>eam</span> <span class='ocrx_word' id='word_1_396' title='bbox 1591 3081 1671 3113; x_wconf 64' lang='lat' dir='ltr'>um·-</span> 
     </span>
     <span class='ocr_line' id='line_1_43' title="bbox 134 3125 885 3167; baseline -0.003 -8"><span class='ocrx_word' id='word_1_397' title='bbox 134 3125 196 3159; x_wconf 72' lang='grc' dir='ltr'>Ιαι.</span> <span class='ocrx_word' id='word_1_398' title='bbox 220 3130 249 3159; x_wconf 83' lang='lat' dir='ltr'>st</span> <span class='ocrx_word' id='word_1_399' title='bbox 271 3126 368 3167; x_wconf 51' lang='lat' dir='ltr'>editu</span> <span class='ocrx_word' id='word_1_400' title='bbox 401 3126 585 3160; x_wconf 67' lang='lat' dir='ltr'>futurorum</span> <span class='ocrx_word' id='word_1_401' title='bbox 607 3126 771 3160; x_wconf 78' lang='lat' dir='ltr'>bonorum</span> <span class='ocrx_word' id='word_1_402' title='bbox 793 3128 885 3159; x_wconf 78' lang='lat' dir='ltr'>vertit</span> 
     </span>
    </p>
   </div>
  </div>
 </body>
</html>
