2020 3276
381 205 567 240 altman
590 206 676 240 aaa.
693 206 752 239 ιιι.
774 207 887 241 Tou.
906 208 933 241 1.
955 206 1091 242 man.
1113 207 1271 240 Lxxvr.
1511 198 1596 241 237

0 300 8 308 .
40 254 449 548 §atriu
496 300 574 328 non
605 292 766 343 propter
795 286 912 329 ullam
944 293 1107 329 naturae
1144 286 1475 338 imbecillitatum
1523 287 1593 331 sed

203 400 213 402 .‚
334 354 347 396 i
372 367 514 397 caussa
536 354 732 412 sapen-ier,
765 354 882 396 velim
908 361 947 396 et
971 355 1054 410 ipse
1079 355 1172 397 illud
1193 355 1411 411 intelligas,
1445 370 1524 398 nou
1546 356 1594 398 ad

173 488 184 499 .
313 436 351 465 m
379 423 496 466 ullam
524 423 594 466 lilii
621 436 764 479 nawen
797 423 1021 478 pertinere,
1064 424 1132 465 sed
1157 437 1206 465 eo
1229 424 1359 480 potius
1381 425 1483 480 quod
1506 438 1593 466 cum

267 491 416 549 pariter
455 491 699 534 conveniens
738 491 813 534 sibi
855 491 1203 533 consubstantialis
1242 493 1361 534 decus
1401 492 1592 534 obtineat.

39 556 368 616 §unia-sicut
390 566 538 617 patrem
560 560 738 617 inprimis
761 560 876 602 decet
901 573 1081 601 caussam
1106 572 1261 601 omnem
1284 561 1507 613 excellere,
1539 560 1593 603 ita

43 624 247 673 &ordei
275 627 381 681 titio,
423 635 465 670 et
493 628 543 671 ab
575 643 654 671 uno
676 636 786 685 patre
809 642 896 670 cum
920 642 999 670 uno
1034 628 1175 684 spiritu
1204 636 1341 670 sancto
1369 629 1594 685 procedenti

43 697 122 743 ''-
143 696 359 752 adunque
374 696 560 739 diviuitas
582 697 791 749 convenit,
824 710 924 752 quae
949 696 1091 738 nullam
1113 697 1174 738 sui
1195 710 1375 739 caussam
1397 697 1590 750 admittat,

42 763 200 813 ..vob
223 764 342 808 ullam
367 764 696 816 imbecillitatem,
743 766 812 807 sed
845 765 946 821 quod
979 764 1028 806 iis
1059 765 1239 806 omnibus
1271 779 1370 821 quae
1394 779 1448 807 ex
1472 765 1592 808 nihilo

41 831 267 877 ΜΝ
294 834 519 876 antecellat.
589 832 788 876 Nimirum
821 848 900 876 una
930 832 1115 876 divinitas
1149 841 1234 886 est,
1278 848 1377 890 quae
1410 834 1483 876 snb
1517 849 1593 876 una

43 900 232 946 ms
249 902 511 960 appellatione
534 909 787 954 numeratur,
819 910 859 944 et
882 903 922 943 in
948 901 1092 958 patris,
1125 902 1190 944 filii
1215 917 1260 944 ac
1280 903 1444 959 spiritus
1465 903 1590 945 sancti

42 967 292 1023 uhi-ibn,
332 970 474 1027 quibus
505 971 613 1013 velut
643 970 834 1027 singulari
865 970 995 1026 aliquo
1025 971 1155 1026 sigillo
1183 971 1401 1023 firmamur,
1446 971 1494 1013 iis
1527 972 1591 1027 qui

42 1037 237 1096 bapti-o
255 1038 468 1083 initiantur
488 1038 704 1096 praedicari
728 1039 854 1090 solet,
887 1053 933 1081 ac
957 1037 1124 1095 denique
1148 1039 1243 1081 nibil
1264 1054 1287 1082 a
1307 1038 1438 1096 seipsa
1461 1040 1591 1082 diver-

41 1106 349 1160 -voatheu
375 1121 463 1155 eum
482 1121 505 1149 a
524 1108 692 1149 veritate
714 1108 915 1164 profectae
935 1107 1027 1149 illae
1049 1121 1170 1150 voces
1193 1108 1334 1165 patris,
1358 1108 1425 1150 lilii
1451 1115 1491 1150 et
1512 1108 1591 1164 spi-

44 1172 292 1221 ritnmsa'neti
310 1174 399 1217 eius
418 1176 519 1231 quod
546 1175 770 1232 significant
790 1175 1067 1232 aequalitatem
1086 1177 1290 1233 impleant.
1353 1174 1468 1232 Quod
1495 1190 1591 1219 vero

42 1241 231 1295 ahitob,
262 1241 365 1299 Quis
382 1244 608 1300 productam
630 1251 809 1286 naturam
834 1244 883 1286 ab
908 1258 954 1287 ea
977 1258 1076 1300 quae
1098 1245 1330 1302 produxerit
1349 1246 1443 1287 nihil
1466 1245 1505 1288 in
1528 1259 1590 1288 es·

38 1310 169 1354 mua
185 1309 425 1354 &acriminis
450 1311 594 1355 babere
622 1312 829 1364 fatebitur,
861 1326 949 1354 cum
970 1312 1161 1355 eiusmodi
1184 1314 1404 1357 substantia
1425 1328 1591 1370 genera-

40 1378 189 1422 tieuen
210 1393 366 1422 emnem
392 1380 606 1423 excludat?
645 1395 723 1422 non
747 1380 839 1423 illud
865 1380 1168 1433 animadvertis,
1212 1397 1235 1425 a
1263 1383 1419 1425 divinae
1445 1384 1592 1425 verita-

40 1446 351 1504 ticon-itione
379 1454 446 1492 tua
478 1455 515 1490 te
542 1449 654 1506 culpa
686 1450 923 1502 abalienari,
966 1457 1007 1491 ut
1039 1451 1102 1506 qui
1137 1465 1213 1492 non
1237 1465 1259 1492 a
1285 1452 1423 1508 spiritu
1452 1459 1591 1494 sancto

40 1515 249 1560 voeitatam
270 1516 328 1559 sis
346 1517 535 1569 edoctus,
576 1518 646 1559 sed
672 1519 804 1560 mundi
825 1518 939 1560 huius
963 1519 1183 1576 sapientia,
1226 1534 1325 1575 qnae
1341 1522 1455 1575 salua
1476 1523 1585 1562 stoli·
1606 1532 1693 1564 Lacr
1696 1537 1738 1573 .,1
1750 1537 1794 1565 ω.

36 1586 160 1640 ἡκ
197 1587 347 1626 reddata
383 1593 466 1635 ese,
513 1584 707 1627 subnixus
746 1587 792 1628 ad
838 1587 1028 1629 coelestia
1069 1595 1107 1630 te
1153 1589 1374 1645 provehere
1412 1591 1585 1632 conaris.

35 1650 181 1709 Qnre
193 1666 442 1710 consequens
466 1661 529 1696 est
550 1661 593 1696 ut
615 1661 655 1696 et
678 1655 771 1696 illud
794 1655 947 1707 audias,
981 1657 1123 1699 frustra
1145 1664 1182 1699 te
1207 1671 1322 1700 esse·
1354 1660 1473 1699 Novit
1492 1663 1588 1700 enim
1630 1673 1742 1702 rui-n.

35 1723 355 1777 hemum
372 1726 644 1776 eogitah'ones,
677 1727 851 1778 quoniam
874 1739 992 1766 vanae
1013 1733 1116 1766 sunt.
1181 1724 1379 1781 Quocirca
1403 1727 1469 1783 qni
1497 1728 1588 1769 sub·
1634 1708 1681 1744 ”’
1701 1709 1744 1736 ¹¹

14 1789 190 1847 ⁶ahtan·
207 1790 370 1834 verbum
393 1791 554 1848 genuit,
598 1792 700 1834 idem
719 1793 882 1848 aequale
910 1794 986 1835 sibi
1007 1794 1165 1850 genuit,
1210 1809 1282 1837 nec
1307 1809 1331 1838 a
1350 1809 1423 1864 φο
1448 1796 1589 1838 divini·-

34 1862 125 1906 lah
140 1859 366 1913 diversum,
406 1874 481 1902 nee
504 1860 580 1902 ulla
607 1867 670 1902 est
693 1861 732 1903 in
758 1861 892 1917 genita
920 1862 1058 1904 sobole
1081 1862 1277 1916 varietas,
1321 1878 1407 1908 cuin
1429 1864 1588 1906 minime

37 1933 139 1973 1·ῠο
157 1928 306 1971 ‘deceat
331 1927 500 1971 utillum
532 1935 711 1985 putemus
739 1930 941 1986 indignum
970 1931 1124 1989 seipso,
1168 1939 1208 1974 et
1237 1932 1506 1989 inaequalem,
1550 1940 1592 1977 et

36 1995 142 2038 inira
161 1996 424 2039 conditionem
447 1997 639 2051 genitoris
671 1999 920 2041 amandatum
944 2013 1057 2041 suum
1092 2001 1196 2043 illum
1229 2003 1415 2057 genuisse
1448 2002 1583 2045 filium.

40 2060 167 2119 Quam
189 2063 305 2107 etiam
327 2064 378 2106 ob
400 2079 576 2108 caussam
598 2081 667 2123 per
692 2067 809 2109 lilium
835 2082 882 2109 ac
905 2067 1126 2111 subsistens
1146 2069 1332 2123 verbum,
1365 2075 1488 2112 omnia
1507 2087 1588 2113 esse

25 2133 144 2188 saeta
162 2138 330 2176 testatus
349 2140 435 2184 est,
479 2141 520 2175 ut
544 2134 750 2191 ipsummet
773 2136 822 2177 ab
851 2138 1036 2179 factarum
1062 2151 1192 2180 rerum
1215 2153 1378 2181 numero
1400 2154 1586 2183 secerne-

37 2207 124 2254 ret,
155 2201 394 2258 doceretque
417 2202 456 2244 iu
482 2210 592 2258 patre
616 2203 781 2246 similem
807 2211 923 2261 atque
948 2206 1150 2262 aequalem
1177 2221 1289 2261 esse,
1334 2209 1435 2264 quod
1459 2210 1583 2266 ipsum

37 2268 161 2327 puris
182 2269 431 2327 appellationi
456 2278 764 2315 cousentaneum
785 2280 870 2325 est,
902 2286 1080 2331 semper,
1124 2276 1303 2331 iuquam,
1346 2278 1583 2320 existentem

36 2337 319 2382 insubstantia
341 2352 429 2392 sua,
463 2353 541 2381 uon
566 2341 839 2397 peregrinum,
869 2343 939 2385 sed
964 2357 1216 2398 germanum,
1258 2352 1391 2402 utpote
1414 2346 1586 2389 consub-

35 2405 257 2450 stantialem
287 2406 430 2460 fllium,
463 2415 504 2450 et
531 2422 554 2450 a
584 2416 694 2465 patre
722 2409 912 2465 genitum.

0 2471 1 2474 ’
151 2474 260 2518 Anii
283 2472 412 2532 Caput
440 2474 513 2518 lV.
547 2475 592 2519 Si
615 2484 818 2534 perpetuo,
851 2492 897 2520 ac
921 2478 1007 2522 siue
1031 2479 1112 2523 ullo
1134 2481 1209 2523 line
1228 2481 1325 2523 deus
1345 2481 1385 2524 in
1410 2482 1583 2538 ingenita

36 2549 176 2586 natura
198 2543 390 2601 persistit,
423 2558 469 2586 ac
488 2545 522 2587 si
542 2547 673 2601 genita
701 2546 858 2588 soboles
881 2547 967 2589 sine
991 2548 1070 2590 ullo
1092 2549 1167 2591 fine
1192 2549 1322 2605 genita
1343 2557 1427 2602 est,
1462 2565 1582 2606 prava

31 2610 107 2656 ille
133 2612 183 2655 de
209 2611 440 2655 homoousio
475 2621 513 2655 et
549 2614 803 2657 homoeousio
824 2616 1020 2659 sententia
1046 2617 1339 2673 profligabitur3
1381 2632 1467 2662 cum
1489 2620 1582 2662 illud

24 2677 193 2735 *barim
224 2680 264 2723 in
288 2680 491 2738 utriusque
526 2690 689 2725 naturae
720 2683 907 2739 dignitate
942 2693 1144 2728 remaneat
1175 2693 1239 2738 ut,
1281 2686 1383 2742 quod
1418 2688 1466 2730 ad
1488 2687 1583 2730 sub—

22 2748 220 2792 >sutia-
241 2749 405 2801 attinet,
437 2751 654 2808 comparari
684 2751 789 2793 inter
817 2765 861 2793 se
891 2761 1102 2808 nequeant.

152 2814 315 2860 Conl'ut.
345 2816 419 2862 lV.
482 2818 526 2862 Si
554 2826 764 2877 perpetuo,
807 2833 854 2861 ac
874 2820 962 2862 sine
985 2821 1062 2863 ullo
1085 2821 1163 2863 nne
1192 2822 1309 2875 deus,
1350 2830 1393 2865 ut
1412 2825 1576 2878 asseris,

0 2887 2 2891 ’
24 2881 269 2943 hiussenita
298 2893 436 2930 natura
470 2895 692 2945 permanet,
735 2894 872 2943 estque
901 2889 1139 2946 sempiterna
1176 2890 1237 2933 dei
1268 2898 1431 2947 natura,
1474 2908 1575 2951 quae

0 2965 488 3044 '‘tam-uomens,
510 3003 784 3044 iaquoaoenoen-
874 3003 1378 3058 2.Summ0w3apsfiom2.

21 3043 249 3088 ’,ΒΜ
269 3044 1579 3096 αηρσιοήὸω.3.1ιφοποάσνγκριτονοεαφσίονῠυ
