<?xml version="1.0" encoding="UTF-8"?>
<!DOCTYPE html PUBLIC "-//W3C//DTD XHTML 1.0 Transitional//EN"
    "http://www.w3.org/TR/xhtml1/DTD/xhtml1-transitional.dtd">
<html xmlns="http://www.w3.org/1999/xhtml" xml:lang="en" lang="en">
 <head>
  <title>
</title>
<meta http-equiv="Content-Type" content="text/html;charset=utf-8" />
  <meta name='ocr-system' content='tesseract 3.04.00' />
  <meta name='ocr-capabilities' content='ocr_page ocr_carea ocr_par ocr_line ocrx_word'/>
</head>
<body>
  <div class='ocr_page' id='page_1' title='image "./corporishaereseo23epip_0129.png"; bbox 0 0 1976 3262; ppageno 0'>
   <div class='ocr_carea' id='block_1_1' title="bbox 445 172 1664 216">
    <p class='ocr_par' dir='ltr' id='par_1_1' title="bbox 445 172 1664 216">
     <span class='ocr_line' id='line_1_1' title="bbox 445 172 1664 216; baseline 0 -2"><span class='ocrx_word' id='word_1_1' title='bbox 445 180 629 215; x_wconf 61' lang='lat' dir='ltr'>masau</span> <span class='ocrx_word' id='word_1_2' title='bbox 651 180 735 214; x_wconf 78' lang='lat' dir='ltr'>us.</span> <span class='ocrx_word' id='word_1_3' title='bbox 757 181 815 215; x_wconf 79' lang='lat' dir='ltr'>nt.</span> <span class='ocrx_word' id='word_1_4' title='bbox 838 180 948 216; x_wconf 70' lang='lat' dir='ltr'>Tora.</span> <span class='ocrx_word' id='word_1_5' title='bbox 965 182 991 216; x_wconf 84' lang='lat'>1.</span> <span class='ocrx_word' id='word_1_6' title='bbox 1014 181 1150 216; x_wconf 70' lang='lat' dir='ltr'>men.</span> <span class='ocrx_word' id='word_1_7' title='bbox 1170 182 1332 216; x_wconf 76' lang='lat' dir='ltr'>Lxxm.</span> <span class='ocrx_word' id='word_1_8' title='bbox 1583 172 1664 215; x_wconf 83' lang='lat'>117</span> 
     </span>
    </p>
   </div>
   <div class='ocr_carea' id='block_1_2' title="bbox 103 259 1664 796">
    <p class='ocr_par' dir='ltr' id='par_1_2' title="bbox 103 259 1664 796">
     <span class='ocr_line' id='line_1_2' title="bbox 113 259 1663 319; baseline -0.001 -14"><span class='ocrx_word' id='word_1_9' title='bbox 113 259 309 305; x_wconf 63' lang='lat' dir='ltr'>butino</span> <span class='ocrx_word' id='word_1_10' title='bbox 330 259 526 304; x_wconf 68' lang='lat' dir='ltr'>habebant</span> <span class='ocrx_word' id='word_1_11' title='bbox 547 259 820 314; x_wconf 85' lang='lat' dir='ltr'>occultarunt,</span> <span class='ocrx_word' id='word_1_12' title='bbox 864 275 951 302; x_wconf 89' lang='lat' dir='ltr'>cum</span> <span class='ocrx_word' id='word_1_13' title='bbox 976 261 1069 304; x_wconf 82' lang='lat' dir='ltr'>nihil</span> <span class='ocrx_word' id='word_1_14' title='bbox 1093 261 1196 303; x_wconf 86' lang='lat' dir='ltr'>aliud</span> <span class='ocrx_word' id='word_1_15' title='bbox 1221 269 1380 319; x_wconf 84' lang='lat' dir='ltr'>praeter</span> <span class='ocrx_word' id='word_1_16' title='bbox 1403 260 1494 304; x_wconf 84' lang='lat' dir='ltr'>illud</span> <span class='ocrx_word' id='word_1_17' title='bbox 1517 260 1557 303; x_wconf 90' lang='lat' dir='ltr'>in</span> <span class='ocrx_word' id='word_1_18' title='bbox 1579 261 1663 318; x_wconf 87' lang='lat' dir='ltr'>opi-</span> 
     </span>
     <span class='ocr_line' id='line_1_3' title="bbox 111 328 1663 387; baseline -0.001 -14"><span class='ocrx_word' id='word_1_19' title='bbox 111 329 230 373; x_wconf 70' lang='lat' dir='ltr'>nione</span> <span class='ocrx_word' id='word_1_20' title='bbox 255 328 468 381; x_wconf 85' lang='lat' dir='ltr'>baberent,</span> <span class='ocrx_word' id='word_1_21' title='bbox 509 328 610 385; x_wconf 84' lang='lat' dir='ltr'>quod</span> <span class='ocrx_word' id='word_1_22' title='bbox 639 342 774 370; x_wconf 90' lang='lat' dir='ltr'>eorum</span> <span class='ocrx_word' id='word_1_23' title='bbox 793 328 922 384; x_wconf 75' lang='lat' dir='ltr'>gratia</span> <span class='ocrx_word' id='word_1_24' title='bbox 950 330 1127 371; x_wconf 76' lang='lat' dir='ltr'>iecerunt</span> <span class='ocrx_word' id='word_1_25' title='bbox 1150 329 1214 385; x_wconf 89' lang='lat' dir='ltr'>qui</span> <span class='ocrx_word' id='word_1_26' title='bbox 1238 344 1282 372; x_wconf 87' lang='lat' dir='ltr'>se</span> <span class='ocrx_word' id='word_1_27' title='bbox 1305 331 1352 372; x_wconf 85' lang='lat' dir='ltr'>ad</span> <span class='ocrx_word' id='word_1_28' title='bbox 1374 330 1547 387; x_wconf 89' lang='lat' dir='ltr'>ipsorum</span> <span class='ocrx_word' id='word_1_29' title='bbox 1571 344 1663 373; x_wconf 91' lang='lat' dir='ltr'>coe-</span> 
     </span>
     <span class='ocr_line' id='line_1_4' title="bbox 109 394 1660 455; baseline 0 -14"><span class='ocrx_word' id='word_1_30' title='bbox 109 404 192 441; x_wconf 70' lang='lat' dir='ltr'>ta-</span> <span class='ocrx_word' id='word_1_31' title='bbox 213 404 551 455; x_wconf 63' lang='lat' dir='ltr'>aggregaverant,</span> <span class='ocrx_word' id='word_1_32' title='bbox 593 394 779 438; x_wconf 69' lang='lat' dir='ltr'>nomines</span> <span class='ocrx_word' id='word_1_33' title='bbox 810 396 981 453; x_wconf 88' lang='lat' dir='ltr'>alioquin</span> <span class='ocrx_word' id='word_1_34' title='bbox 1014 398 1249 449; x_wconf 72' lang='lat' dir='ltr'>orthodoxi,</span> <span class='ocrx_word' id='word_1_35' title='bbox 1290 399 1359 440; x_wconf 81' lang='lat' dir='ltr'>sed</span> <span class='ocrx_word' id='word_1_36' title='bbox 1393 398 1660 450; x_wconf 72' lang='lat' dir='ltr'>simulatores,</span> 
     </span>
     <span class='ocr_line' id='line_1_5' title="bbox 109 464 1663 524; baseline 0.001 -15"><span class='ocrx_word' id='word_1_37' title='bbox 109 465 420 524; x_wconf 57' lang='lat' dir='ltr'>“inperatoris</span> <span class='ocrx_word' id='word_1_38' title='bbox 450 464 635 523; x_wconf 86' lang='lat' dir='ltr'>potestati</span> <span class='ocrx_word' id='word_1_39' title='bbox 659 464 907 517; x_wconf 73' lang='lat' dir='ltr'>servientes,</span> <span class='ocrx_word' id='word_1_40' title='bbox 951 465 1194 521; x_wconf 75' lang='lat' dir='ltr'>eandemque</span> <span class='ocrx_word' id='word_1_41' title='bbox 1226 466 1551 519; x_wconf 73' lang='lat' dir='ltr'>reformidantes,</span> <span class='ocrx_word' id='word_1_42' title='bbox 1597 466 1663 523; x_wconf 86' lang='lat' dir='ltr'>qui</span> 
     </span>
     <span class='ocr_line' id='line_1_6' title="bbox 106 532 1664 590; baseline 0.001 -12"><span class='ocrx_word' id='word_1_43' title='bbox 106 548 243 578; x_wconf 72' lang='lat' dir='ltr'>seeu-</span> <span class='ocrx_word' id='word_1_44' title='bbox 275 534 444 577; x_wconf 81' lang='lat' dir='ltr'>iuvicem</span> <span class='ocrx_word' id='word_1_45' title='bbox 478 533 702 576; x_wconf 88' lang='lat' dir='ltr'>inimicitias</span> <span class='ocrx_word' id='word_1_46' title='bbox 732 533 991 576; x_wconf 76' lang='lat' dir='ltr'>exercebant.</span> <span class='ocrx_word' id='word_1_47' title='bbox 1050 532 1155 575; x_wconf 89' lang='lat' dir='ltr'>Nam</span> <span class='ocrx_word' id='word_1_48' title='bbox 1186 532 1402 590; x_wconf 81' lang='lat' dir='ltr'>Eutychius</span> <span class='ocrx_word' id='word_1_49' title='bbox 1427 534 1664 579; x_wconf 83' lang='lat' dir='ltr'>Eleuthero-</span> 
     </span>
     <span class='ocr_line' id='line_1_7' title="bbox 106 600 1662 661; baseline 0.001 -15"><span class='ocrx_word' id='word_1_50' title='bbox 106 602 328 661; x_wconf 73' lang='lat' dir='ltr'>politauus,</span> <span class='ocrx_word' id='word_1_51' title='bbox 370 609 503 660; x_wconf 85' lang='lat' dir='ltr'>utpote</span> <span class='ocrx_word' id='word_1_52' title='bbox 536 617 559 645; x_wconf 89' lang='lat' dir='ltr'>a</span> <span class='ocrx_word' id='word_1_53' title='bbox 593 602 707 644; x_wconf 83' lang='lat' dir='ltr'>beato</span> <span class='ocrx_word' id='word_1_54' title='bbox 739 600 972 645; x_wconf 78' lang='lat' dir='ltr'>Maximona</span> <span class='ocrx_word' id='word_1_55' title='bbox 1002 600 1369 657; x_wconf 82' lang='lat' dir='ltr'>Hierosolymitano</span> <span class='ocrx_word' id='word_1_56' title='bbox 1402 604 1587 661; x_wconf 71' lang='lat' dir='ltr'>episcopo</span> <span class='ocrx_word' id='word_1_57' title='bbox 1616 619 1662 647; x_wconf 87' lang='lat' dir='ltr'>ac</span> 
     </span>
     <span class='ocr_line' id='line_1_8' title="bbox 107 669 1663 728; baseline 0 -13"><span class='ocrx_word' id='word_1_58' title='bbox 107 672 340 715; x_wconf 54' lang='lat' dir='ltr'>&amp;nieme</span> <span class='ocrx_word' id='word_1_59' title='bbox 367 671 587 714; x_wconf 80' lang='lat' dir='ltr'>catholicae</span> <span class='ocrx_word' id='word_1_60' title='bbox 618 671 708 713; x_wconf 83' lang='lat' dir='ltr'>fidei</span> <span class='ocrx_word' id='word_1_61' title='bbox 738 671 929 713; x_wconf 85' lang='lat' dir='ltr'>institutis</span> <span class='ocrx_word' id='word_1_62' title='bbox 951 671 1139 722; x_wconf 85' lang='lat' dir='ltr'>edoctus,</span> <span class='ocrx_word' id='word_1_63' title='bbox 1184 678 1345 726; x_wconf 87' lang='lat' dir='ltr'>propter</span> <span class='ocrx_word' id='word_1_64' title='bbox 1367 669 1507 728; x_wconf 87' lang='lat' dir='ltr'>Cyrilli</span> <span class='ocrx_word' id='word_1_65' title='bbox 1531 673 1663 715; x_wconf 85' lang='lat' dir='ltr'>odium</span> 
     </span>
     <span class='ocr_line' id='line_1_9' title="bbox 103 737 1663 796; baseline 0 -12"><span class='ocrx_word' id='word_1_66' title='bbox 103 740 157 784; x_wconf 67' lang='lat' dir='ltr'>ad</span> <span class='ocrx_word' id='word_1_67' title='bbox 178 739 368 784; x_wconf 66' lang='lat' dir='ltr'>Audon</span> <span class='ocrx_word' id='word_1_68' title='bbox 400 753 491 782; x_wconf 87' lang='lat' dir='ltr'>sese</span> <span class='ocrx_word' id='word_1_69' title='bbox 518 754 595 782; x_wconf 90' lang='lat' dir='ltr'>non</span> <span class='ocrx_word' id='word_1_70' title='bbox 628 739 826 782; x_wconf 81' lang='lat' dir='ltr'>adiunxit.</span> <span class='ocrx_word' id='word_1_71' title='bbox 890 737 969 794; x_wconf 84' lang='lat' dir='ltr'>Qui</span> <span class='ocrx_word' id='word_1_72' title='bbox 994 738 1150 794; x_wconf 85' lang='lat' dir='ltr'>quidem</span> <span class='ocrx_word' id='word_1_73' title='bbox 1175 738 1374 794; x_wconf 86' lang='lat' dir='ltr'>aliquanto</span> <span class='ocrx_word' id='word_1_74' title='bbox 1401 747 1575 796; x_wconf 84' lang='lat' dir='ltr'>tempore</span> <span class='ocrx_word' id='word_1_75' title='bbox 1597 755 1663 784; x_wconf 81' lang='lat' dir='ltr'>ca-</span> 
     </span>
    </p>
   </div>
   <div class='ocr_carea' id='block_1_3' title="bbox 11 807 1664 933">
    <p class='ocr_par' dir='ltr' id='par_1_3' title="bbox 11 807 1664 933">
     <span class='ocr_line' id='line_1_10' title="bbox 11 807 1663 875; baseline 0 -23"><span class='ocrx_word' id='word_1_76' title='bbox 11 852 17 875; x_wconf 39' lang='lat'><em>:</em></span> <span class='ocrx_word' id='word_1_77' title='bbox 103 807 286 853; x_wconf 58' lang='lat' dir='ltr'>blica-</span> <span class='ocrx_word' id='word_1_78' title='bbox 305 808 419 851; x_wconf 72' lang='lat' dir='ltr'>fldem</span> <span class='ocrx_word' id='word_1_79' title='bbox 445 808 685 864; x_wconf 86' lang='lat' dir='ltr'>amplectens</span> <span class='ocrx_word' id='word_1_80' title='bbox 709 807 910 863; x_wconf 82' lang='lat' dir='ltr'>dignitatis</span> <span class='ocrx_word' id='word_1_81' title='bbox 935 821 1032 849; x_wconf 84' lang='lat' dir='ltr'>suae</span> <span class='ocrx_word' id='word_1_82' title='bbox 1057 807 1287 849; x_wconf 71' lang='lat' dir='ltr'>retinendae</span> <span class='ocrx_word' id='word_1_83' title='bbox 1320 808 1448 863; x_wconf 85' lang='lat' dir='ltr'>gratia</span> <span class='ocrx_word' id='word_1_84' title='bbox 1481 810 1663 852; x_wconf 89' lang='lat' dir='ltr'>dissimu-</span> 
     </span>
     <span class='ocr_line' id='line_1_11' title="bbox 12 874 1664 933; baseline 0 -13"><span class='ocrx_word' id='word_1_85' title='bbox 12 877 20 908; x_wconf 59' lang='lat'>5⁷=</span> <span class='ocrx_word' id='word_1_86' title='bbox 104 876 224 930; x_wconf 74' lang='lat' dir='ltr'>lavit3</span> <span class='ocrx_word' id='word_1_87' title='bbox 255 885 298 919; x_wconf 89' lang='lat' dir='ltr'>ut</span> <span class='ocrx_word' id='word_1_88' title='bbox 318 883 359 919; x_wconf 86' lang='lat' dir='ltr'>et</span> <span class='ocrx_word' id='word_1_89' title='bbox 384 877 449 919; x_wconf 87' lang='lat' dir='ltr'>alii</span> <span class='ocrx_word' id='word_1_90' title='bbox 470 874 721 919; x_wconf 72' lang='lat' dir='ltr'>Palaestinae</span> <span class='ocrx_word' id='word_1_91' title='bbox 745 876 967 933; x_wconf 82' lang='lat' dir='ltr'>complures</span> <span class='ocrx_word' id='word_1_92' title='bbox 988 875 1178 932; x_wconf 83' lang='lat' dir='ltr'>episcopi.</span> <span class='ocrx_word' id='word_1_93' title='bbox 1240 874 1411 933; x_wconf 88' lang='lat' dir='ltr'>Propter</span> <span class='ocrx_word' id='word_1_94' title='bbox 1436 892 1534 933; x_wconf 88' lang='lat' dir='ltr'>quos</span> <span class='ocrx_word' id='word_1_95' title='bbox 1557 877 1664 920; x_wconf 81' lang='lat' dir='ltr'>Aca-</span> 
     </span>
    </p>
   </div>
   <div class='ocr_carea' id='block_1_4' title="bbox 102 944 1663 1617">
    <p class='ocr_par' dir='ltr' id='par_1_4' title="bbox 102 944 1663 1413">
     <span class='ocr_line' id='line_1_12' title="bbox 104 944 1661 1001; baseline -0.001 -12"><span class='ocrx_word' id='word_1_96' title='bbox 104 944 191 989; x_wconf 68' lang='lat' dir='ltr'>dus</span> <span class='ocrx_word' id='word_1_97' title='bbox 209 958 299 989; x_wconf 69' lang='lat' dir='ltr'>aun</span> <span class='ocrx_word' id='word_1_98' title='bbox 318 945 405 988; x_wconf 77' lang='lat' dir='ltr'>suis</span> <span class='ocrx_word' id='word_1_99' title='bbox 424 945 560 987; x_wconf 85' lang='lat' dir='ltr'>eadem</span> <span class='ocrx_word' id='word_1_100' title='bbox 582 944 693 986; x_wconf 87' lang='lat' dir='ltr'>rabie</span> <span class='ocrx_word' id='word_1_101' title='bbox 717 952 758 986; x_wconf 90' lang='lat' dir='ltr'>et</span> <span class='ocrx_word' id='word_1_102' title='bbox 778 945 1018 987; x_wconf 81' lang='lat' dir='ltr'>infidelitatis</span> <span class='ocrx_word' id='word_1_103' title='bbox 1046 946 1180 986; x_wconf 84' lang='lat' dir='ltr'>furore</span> <span class='ocrx_word' id='word_1_104' title='bbox 1214 945 1351 1001; x_wconf 81' lang='lat' dir='ltr'>perciti</span> <span class='ocrx_word' id='word_1_105' title='bbox 1378 945 1473 987; x_wconf 89' lang='lat' dir='ltr'>nihil</span> <span class='ocrx_word' id='word_1_106' title='bbox 1495 946 1541 988; x_wconf 86' lang='lat' dir='ltr'>ad</span> <span class='ocrx_word' id='word_1_107' title='bbox 1565 953 1661 988; x_wconf 90' lang='lat' dir='ltr'>tem·</span> 
     </span>
     <span class='ocr_line' id='line_1_13' title="bbox 105 1012 1660 1071; baseline -0.001 -14"><span class='ocrx_word' id='word_1_108' title='bbox 105 1027 178 1071; x_wconf 69' lang='lat' dir='ltr'>pu</span> <span class='ocrx_word' id='word_1_109' title='bbox 198 1013 250 1056; x_wconf 67' lang='lat' dir='ltr'>de</span> <span class='ocrx_word' id='word_1_110' title='bbox 274 1012 384 1057; x_wconf 76' lang='lat' dir='ltr'>bisce</span> <span class='ocrx_word' id='word_1_111' title='bbox 413 1013 659 1070; x_wconf 72' lang='lat' dir='ltr'>dogmatibus</span> <span class='ocrx_word' id='word_1_112' title='bbox 688 1026 850 1055; x_wconf 82' lang='lat' dir='ltr'>movere</span> <span class='ocrx_word' id='word_1_113' title='bbox 882 1012 1115 1065; x_wconf 83' lang='lat' dir='ltr'>voluerunt,</span> <span class='ocrx_word' id='word_1_114' title='bbox 1163 1026 1290 1069; x_wconf 88' lang='lat' dir='ltr'>neque</span> <span class='ocrx_word' id='word_1_115' title='bbox 1322 1020 1390 1056; x_wconf 87' lang='lat' dir='ltr'>aut</span> <span class='ocrx_word' id='word_1_116' title='bbox 1417 1014 1660 1068; x_wconf 84' lang='lat' dir='ltr'>affirmando,</span> 
     </span>
     <span class='ocr_line' id='line_1_14' title="bbox 104 1079 1660 1139; baseline 0.002 -17"><span class='ocrx_word' id='word_1_117' title='bbox 104 1089 176 1127; x_wconf 72' lang='lat' dir='ltr'>aut</span> <span class='ocrx_word' id='word_1_118' title='bbox 202 1082 384 1139; x_wconf 68' lang='lat' dir='ltr'>negando</span> <span class='ocrx_word' id='word_1_119' title='bbox 415 1081 731 1138; x_wconf 75' lang='lat' dir='ltr'>pronuntiarunt.</span> <span class='ocrx_word' id='word_1_120' title='bbox 795 1079 876 1124; x_wconf 88' lang='lat' dir='ltr'>Sed</span> <span class='ocrx_word' id='word_1_121' title='bbox 905 1079 1142 1134; x_wconf 78' lang='lat' dir='ltr'>Seleuciae,</span> <span class='ocrx_word' id='word_1_122' title='bbox 1183 1095 1283 1137; x_wconf 86' lang='lat' dir='ltr'>quae</span> <span class='ocrx_word' id='word_1_123' title='bbox 1316 1082 1470 1138; x_wconf 86' lang='lat' dir='ltr'>Aspera</span> <span class='ocrx_word' id='word_1_124' title='bbox 1502 1083 1660 1135; x_wconf 88' lang='lat' dir='ltr'>dicitur,</span> 
     </span>
     <span class='ocr_line' id='line_1_15' title="bbox 106 1147 1662 1207; baseline -0.001 -13"><span class='ocrx_word' id='word_1_125' title='bbox 106 1150 149 1194; x_wconf 73' lang='lat' dir='ltr'>in</span> <span class='ocrx_word' id='word_1_126' title='bbox 172 1147 324 1194; x_wconf 72' lang='lat' dir='ltr'>hauris</span> <span class='ocrx_word' id='word_1_127' title='bbox 342 1147 567 1194; x_wconf 86' lang='lat' dir='ltr'>Constantii</span> <span class='ocrx_word' id='word_1_128' title='bbox 598 1150 848 1207; x_wconf 85' lang='lat' dir='ltr'>imperatoris</span> <span class='ocrx_word' id='word_1_129' title='bbox 871 1150 982 1192; x_wconf 89' lang='lat' dir='ltr'>iussu</span> <span class='ocrx_word' id='word_1_130' title='bbox 1003 1151 1233 1206; x_wconf 78' lang='lat' dir='ltr'>congregati</span> <span class='ocrx_word' id='word_1_131' title='bbox 1254 1151 1370 1193; x_wconf 85' lang='lat' dir='ltr'>aliam</span> <span class='ocrx_word' id='word_1_132' title='bbox 1394 1151 1482 1193; x_wconf 86' lang='lat' dir='ltr'>lidei</span> <span class='ocrx_word' id='word_1_133' title='bbox 1514 1152 1662 1194; x_wconf 89' lang='lat' dir='ltr'>l&#39;ormu-</span> 
     </span>
     <span class='ocr_line' id='line_1_16' title="bbox 105 1217 1663 1277; baseline 0 -15"><span class='ocrx_word' id='word_1_134' title='bbox 105 1217 184 1262; x_wconf 73' lang='lat' dir='ltr'>t·-</span> <span class='ocrx_word' id='word_1_135' title='bbox 212 1226 456 1276; x_wconf 76' lang='lat' dir='ltr'>proponunt,</span> <span class='ocrx_word' id='word_1_136' title='bbox 502 1233 580 1261; x_wconf 91' lang='lat' dir='ltr'>nou</span> <span class='ocrx_word' id='word_1_137' title='bbox 616 1219 769 1275; x_wconf 84' lang='lat' dir='ltr'>qualem</span> <span class='ocrx_word' id='word_1_138' title='bbox 800 1226 932 1275; x_wconf 90' lang='lat' dir='ltr'>patres</span> <span class='ocrx_word' id='word_1_139' title='bbox 962 1219 1055 1261; x_wconf 90' lang='lat' dir='ltr'>olim</span> <span class='ocrx_word' id='word_1_140' title='bbox 1080 1219 1117 1261; x_wconf 90' lang='lat' dir='ltr'>in</span> <span class='ocrx_word' id='word_1_141' title='bbox 1142 1218 1325 1262; x_wconf 88' lang='lat' dir='ltr'>Nicaena</span> <span class='ocrx_word' id='word_1_142' title='bbox 1351 1220 1505 1277; x_wconf 87' lang='lat' dir='ltr'>synodo</span> <span class='ocrx_word' id='word_1_143' title='bbox 1527 1220 1663 1262; x_wconf 87' lang='lat' dir='ltr'>ortho-</span> 
     </span>
     <span class='ocr_line' id='line_1_17' title="bbox 103 1286 1662 1344; baseline 0.001 -14"><span class='ocrx_word' id='word_1_144' title='bbox 103 1286 249 1330; x_wconf 73' lang='lat' dir='ltr'>son·</span> <span class='ocrx_word' id='word_1_145' title='bbox 280 1300 329 1329; x_wconf 84' lang='lat' dir='ltr'>ae</span> <span class='ocrx_word' id='word_1_146' title='bbox 351 1287 591 1344; x_wconf 87' lang='lat' dir='ltr'>praeclaram</span> <span class='ocrx_word' id='word_1_147' title='bbox 625 1287 899 1339; x_wconf 83' lang='lat' dir='ltr'>instituerant,</span> <span class='ocrx_word' id='word_1_148' title='bbox 946 1288 1015 1330; x_wconf 88' lang='lat' dir='ltr'>sed</span> <span class='ocrx_word' id='word_1_149' title='bbox 1039 1287 1179 1329; x_wconf 89' lang='lat' dir='ltr'>callide</span> <span class='ocrx_word' id='word_1_150' title='bbox 1209 1302 1256 1330; x_wconf 93' lang='lat' dir='ltr'>ac</span> <span class='ocrx_word' id='word_1_151' title='bbox 1282 1289 1370 1331; x_wconf 83' lang='lat' dir='ltr'>ficte</span> <span class='ocrx_word' id='word_1_152' title='bbox 1400 1288 1582 1331; x_wconf 84' lang='lat' dir='ltr'>simulata</span> <span class='ocrx_word' id='word_1_153' title='bbox 1602 1296 1662 1331; x_wconf 90' lang='lat' dir='ltr'>ta·</span> 
     </span>
     <span class='ocr_line' id='line_1_18' title="bbox 102 1354 1257 1413; baseline 0.001 -16"><span class='ocrx_word' id='word_1_154' title='bbox 102 1368 194 1398; x_wconf 70' lang='lat' dir='ltr'>nen</span> <span class='ocrx_word' id='word_1_155' title='bbox 222 1354 497 1413; x_wconf 63' lang='lat' dir='ltr'>simplicitate,</span> <span class='ocrx_word' id='word_1_156' title='bbox 531 1356 636 1398; x_wconf 84' lang='lat' dir='ltr'>bunc</span> <span class='ocrx_word' id='word_1_157' title='bbox 665 1356 704 1398; x_wconf 92' lang='lat' dir='ltr'>in</span> <span class='ocrx_word' id='word_1_158' title='bbox 735 1356 891 1398; x_wconf 81' lang='lat' dir='ltr'>modum</span> <span class='ocrx_word' id='word_1_159' title='bbox 922 1356 1257 1411; x_wconf 84' lang='lat' dir='ltr'>conscripserunt.</span> 
     </span>
    </p>

    <p class='ocr_par' dir='ltr' id='par_1_5' title="bbox 102 1419 1660 1617">
     <span class='ocr_line' id='line_1_19' title="bbox 215 1419 1660 1482; baseline 0.001 -16"><span class='ocrx_word' id='word_1_160' title='bbox 215 1419 427 1467; x_wconf 78' lang='lat' dir='ltr'>Credimus</span> <span class='ocrx_word' id='word_1_161' title='bbox 447 1424 488 1466; x_wconf 90' lang='lat' dir='ltr'>in</span> <span class='ocrx_word' id='word_1_162' title='bbox 511 1439 628 1467; x_wconf 88' lang='lat' dir='ltr'>unum</span> <span class='ocrx_word' id='word_1_163' title='bbox 653 1425 794 1476; x_wconf 85' lang='lat' dir='ltr'>deum,</span> <span class='ocrx_word' id='word_1_164' title='bbox 826 1432 977 1481; x_wconf 89' lang='lat' dir='ltr'>patrem</span> <span class='ocrx_word' id='word_1_165' title='bbox 1001 1425 1309 1482; x_wconf 86' lang='lat' dir='ltr'>omnipotentem</span> <span class='ocrx_word' id='word_1_166' title='bbox 1337 1432 1443 1477; x_wconf 89' lang='lat' dir='ltr'>etc.‚</span> <span class='ocrx_word' id='word_1_167' title='bbox 1486 1432 1528 1467; x_wconf 86' lang='lat' dir='ltr'>et</span> <span class='ocrx_word' id='word_1_168' title='bbox 1554 1425 1594 1468; x_wconf 91' lang='lat' dir='ltr'>in</span> <span class='ocrx_word' id='word_1_169' title='bbox 1615 1425 1660 1468; x_wconf 90' lang='lat' dir='ltr'>li-</span> 
     </span>
     <span class='ocr_line' id='line_1_20' title="bbox 102 1490 1660 1550; baseline 0.001 -15"><span class='ocrx_word' id='word_1_170' title='bbox 102 1490 197 1535; x_wconf 68' lang='lat' dir='ltr'>liu·</span> <span class='ocrx_word' id='word_1_171' title='bbox 228 1492 293 1535; x_wconf 76' lang='lat' dir='ltr'>dei</span> <span class='ocrx_word' id='word_1_172' title='bbox 324 1499 430 1544; x_wconf 90' lang='lat' dir='ltr'>etc.‚</span> <span class='ocrx_word' id='word_1_173' title='bbox 475 1493 728 1550; x_wconf 86' lang='lat' dir='ltr'>simpliciter,</span> <span class='ocrx_word' id='word_1_174' title='bbox 771 1507 818 1535; x_wconf 85' lang='lat' dir='ltr'>ac</span> <span class='ocrx_word' id='word_1_175' title='bbox 853 1493 946 1535; x_wconf 81' lang='lat' dir='ltr'>nihil</span> <span class='ocrx_word' id='word_1_176' title='bbox 982 1493 1256 1535; x_wconf 85' lang='lat' dir='ltr'>vehementius</span> <span class='ocrx_word' id='word_1_177' title='bbox 1289 1494 1448 1537; x_wconf 86' lang='lat' dir='ltr'>elocuti.</span> <span class='ocrx_word' id='word_1_178' title='bbox 1511 1491 1660 1536; x_wconf 87' lang='lat' dir='ltr'>Postea</span> 
     </span>
     <span class='ocr_line' id='line_1_21' title="bbox 103 1559 1660 1617; baseline 0.001 -14"><span class='ocrx_word' id='word_1_179' title='bbox 103 1566 205 1604; x_wconf 65' lang='lat' dir='ltr'>voeo&#39;</span> <span class='ocrx_word' id='word_1_180' title='bbox 227 1566 348 1603; x_wconf 74' lang='lat' dir='ltr'>totam</span> <span class='ocrx_word' id='word_1_181' title='bbox 373 1568 416 1603; x_wconf 83' lang='lat' dir='ltr'>ut</span> <span class='ocrx_word' id='word_1_182' title='bbox 441 1561 607 1604; x_wconf 89' lang='lat' dir='ltr'>l&#39;abulam</span> <span class='ocrx_word' id='word_1_183' title='bbox 634 1569 823 1617; x_wconf 74' lang='lat' dir='ltr'>agerent,</span> <span class='ocrx_word' id='word_1_184' title='bbox 856 1563 1114 1614; x_wconf 89' lang='lat' dir='ltr'>addiderunt,</span> <span class='ocrx_word' id='word_1_185' title='bbox 1148 1559 1497 1605; x_wconf 80' lang='lat' dir='ltr'>consubstantiale</span> <span class='ocrx_word' id='word_1_186' title='bbox 1529 1563 1660 1604; x_wconf 79' lang='lat' dir='ltr'>reiici-</span> 
     </span>
    </p>
   </div>
   <div class='ocr_carea' id='block_1_5' title="bbox 0 1629 1660 1686">
    <p class='ocr_par' dir='ltr' id='par_1_6' title="bbox 0 1629 1660 1686">
     <span class='ocr_line' id='line_1_22' title="bbox 0 1629 1660 1686; baseline -0.001 -12"><span class='ocrx_word' id='word_1_187' title='bbox 0 1652 17 1660; x_wconf 65' lang='lat'>·=</span> <span class='ocrx_word' id='word_1_188' title='bbox 101 1643 213 1682; x_wconf 64' lang='lat' dir='ltr'>nus,</span> <span class='ocrx_word' id='word_1_189' title='bbox 244 1635 426 1686; x_wconf 85' lang='lat' dir='ltr'>tauquam</span> <span class='ocrx_word' id='word_1_190' title='bbox 449 1643 472 1672; x_wconf 85' lang='lat' dir='ltr'>a</span> <span class='ocrx_word' id='word_1_191' title='bbox 491 1630 618 1672; x_wconf 85' lang='lat' dir='ltr'>sacris</span> <span class='ocrx_word' id='word_1_192' title='bbox 641 1630 767 1672; x_wconf 80' lang='lat' dir='ltr'>literis</span> <span class='ocrx_word' id='word_1_193' title='bbox 788 1630 974 1673; x_wconf 89' lang='lat' dir='ltr'>alienum.</span> <span class='ocrx_word' id='word_1_194' title='bbox 1040 1629 1145 1673; x_wconf 84' lang='lat' dir='ltr'>istud</span> <span class='ocrx_word' id='word_1_195' title='bbox 1170 1644 1268 1672; x_wconf 88' lang='lat' dir='ltr'>vero</span> <span class='ocrx_word' id='word_1_196' title='bbox 1292 1631 1520 1674; x_wconf 80' lang='lat' dir='ltr'>damnamus</span> <span class='ocrx_word' id='word_1_197' title='bbox 1535 1662 1547 1682; x_wconf 92' lang='lat'>,</span> <span class='ocrx_word' id='word_1_198' title='bbox 1581 1631 1660 1673; x_wconf 89' lang='lat' dir='ltr'>dis-</span> 
     </span>
    </p>
   </div>
   <div class='ocr_carea' id='block_1_6' title="bbox 98 1696 1662 2099">
    <p class='ocr_par' dir='ltr' id='par_1_7' title="bbox 98 1696 1662 2099">
     <span class='ocr_line' id='line_1_23' title="bbox 101 1696 1659 1756; baseline 0 -14"><span class='ocrx_word' id='word_1_199' title='bbox 101 1696 268 1742; x_wconf 72' lang='lat' dir='ltr'>ainilen</span> <span class='ocrx_word' id='word_1_200' title='bbox 289 1711 380 1741; x_wconf 80' lang='lat' dir='ltr'>ease</span> <span class='ocrx_word' id='word_1_201' title='bbox 402 1698 524 1756; x_wconf 88' lang='lat' dir='ltr'>patris</span> <span class='ocrx_word' id='word_1_202' title='bbox 554 1699 690 1741; x_wconf 83' lang='lat' dir='ltr'>lilium.</span> <span class='ocrx_word' id='word_1_203' title='bbox 754 1699 886 1754; x_wconf 80' lang='lat' dir='ltr'>Atque</span> <span class='ocrx_word' id='word_1_204' title='bbox 910 1699 1007 1741; x_wconf 86' lang='lat' dir='ltr'>baec</span> <span class='ocrx_word' id='word_1_205' title='bbox 1033 1700 1185 1741; x_wconf 89' lang='lat' dir='ltr'>demum</span> <span class='ocrx_word' id='word_1_206' title='bbox 1209 1707 1295 1741; x_wconf 88' lang='lat' dir='ltr'>erat</span> <span class='ocrx_word' id='word_1_207' title='bbox 1317 1699 1659 1742; x_wconf 80' lang='lat' dir='ltr'>callidissimorum</span> 
     </span>
     <span class='ocr_line' id='line_1_24' title="bbox 98 1766 1661 1821; baseline 0.001 -11"><span class='ocrx_word' id='word_1_208' title='bbox 98 1773 333 1811; x_wconf 70' lang='lat' dir='ltr'>venatorum</span> <span class='ocrx_word' id='word_1_209' title='bbox 368 1766 570 1810; x_wconf 88' lang='lat' dir='ltr'>illecebra.</span> <span class='ocrx_word' id='word_1_210' title='bbox 631 1766 702 1811; x_wconf 89' lang='lat' dir='ltr'>Sic</span> <span class='ocrx_word' id='word_1_211' title='bbox 734 1769 838 1809; x_wconf 93' lang='lat' dir='ltr'>enim</span> <span class='ocrx_word' id='word_1_212' title='bbox 872 1767 976 1810; x_wconf 89' lang='lat' dir='ltr'>iuter</span> <span class='ocrx_word' id='word_1_213' title='bbox 1012 1781 1104 1809; x_wconf 89' lang='lat' dir='ltr'>sese</span> <span class='ocrx_word' id='word_1_214' title='bbox 1137 1767 1418 1821; x_wconf 83' lang='lat' dir='ltr'>mussitabant,</span> <span class='ocrx_word' id='word_1_215' title='bbox 1465 1782 1512 1809; x_wconf 80' lang='lat' dir='ltr'>nc</span> <span class='ocrx_word' id='word_1_216' title='bbox 1543 1768 1661 1811; x_wconf 89' lang='lat' dir='ltr'>doce·</span> 
     </span>
     <span class='ocr_line' id='line_1_25' title="bbox 100 1832 1661 1893; baseline 0.001 -15"><span class='ocrx_word' id='word_1_217' title='bbox 100 1835 216 1879; x_wconf 68' lang='lat' dir='ltr'>buu</span> <span class='ocrx_word' id='word_1_218' title='bbox 249 1832 445 1879; x_wconf 80' lang='lat' dir='ltr'>Creatnra</span> <span class='ocrx_word' id='word_1_219' title='bbox 465 1836 620 1892; x_wconf 83' lang='lat' dir='ltr'>quidem</span> <span class='ocrx_word' id='word_1_220' title='bbox 646 1843 708 1878; x_wconf 89' lang='lat' dir='ltr'>est</span> <span class='ocrx_word' id='word_1_221' title='bbox 727 1836 789 1878; x_wconf 87' lang='lat' dir='ltr'>dei</span> <span class='ocrx_word' id='word_1_222' title='bbox 815 1836 939 1889; x_wconf 67' lang='lat' dir='ltr'>lilius,</span> <span class='ocrx_word' id='word_1_223' title='bbox 985 1836 1054 1878; x_wconf 89' lang='lat' dir='ltr'>sed</span> <span class='ocrx_word' id='word_1_224' title='bbox 1078 1835 1217 1878; x_wconf 87' lang='lat' dir='ltr'>similis</span> <span class='ocrx_word' id='word_1_225' title='bbox 1247 1837 1370 1893; x_wconf 88' lang='lat' dir='ltr'>patri,</span> <span class='ocrx_word' id='word_1_226' title='bbox 1403 1850 1452 1878; x_wconf 92' lang='lat' dir='ltr'>eo</span> <span class='ocrx_word' id='word_1_227' title='bbox 1477 1837 1661 1879; x_wconf 76' lang='lat' dir='ltr'>videlicet</span> 
     </span>
     <span class='ocr_line' id='line_1_26' title="bbox 100 1904 1662 1962; baseline 0 -14"><span class='ocrx_word' id='word_1_228' title='bbox 100 1918 223 1948; x_wconf 79' lang='lat' dir='ltr'>sensu</span> <span class='ocrx_word' id='word_1_229' title='bbox 248 1904 315 1962; x_wconf 80' lang='lat' dir='ltr'>qui</span> <span class='ocrx_word' id='word_1_230' title='bbox 333 1904 504 1947; x_wconf 88' lang='lat' dir='ltr'>omnium</span> <span class='ocrx_word' id='word_1_231' title='bbox 524 1904 722 1947; x_wconf 83' lang='lat' dir='ltr'>hominum</span> <span class='ocrx_word' id='word_1_232' title='bbox 746 1919 822 1948; x_wconf 86' lang='lat' dir='ltr'>usu</span> <span class='ocrx_word' id='word_1_233' title='bbox 841 1919 888 1947; x_wconf 88' lang='lat' dir='ltr'>ac</span> <span class='ocrx_word' id='word_1_234' title='bbox 907 1905 1192 1947; x_wconf 87' lang='lat' dir='ltr'>consuetudine</span> <span class='ocrx_word' id='word_1_235' title='bbox 1218 1905 1421 1947; x_wconf 77' lang='lat' dir='ltr'>familiaris</span> <span class='ocrx_word' id='word_1_236' title='bbox 1441 1913 1519 1948; x_wconf 88' lang='lat' dir='ltr'>est.</span> <span class='ocrx_word' id='word_1_237' title='bbox 1565 1904 1662 1948; x_wconf 88' lang='lat' dir='ltr'>Ete-</span> 
     </span>
     <span class='ocr_line' id='line_1_27' title="bbox 100 1973 1661 2031; baseline 0 -15"><span class='ocrx_word' id='word_1_238' title='bbox 100 1973 181 2016; x_wconf 85' lang='lat' dir='ltr'>nim</span> <span class='ocrx_word' id='word_1_239' title='bbox 204 1973 354 2031; x_wconf 85' lang='lat' dir='ltr'>plastae</span> <span class='ocrx_word' id='word_1_240' title='bbox 381 1980 531 2016; x_wconf 86' lang='lat' dir='ltr'>statuas</span> <span class='ocrx_word' id='word_1_241' title='bbox 549 1974 759 2029; x_wconf 85' lang='lat' dir='ltr'>effingunt,</span> <span class='ocrx_word' id='word_1_242' title='bbox 805 1988 851 2016; x_wconf 90' lang='lat' dir='ltr'>ac</span> <span class='ocrx_word' id='word_1_243' title='bbox 870 1974 1078 2016; x_wconf 87' lang='lat' dir='ltr'>simulacra</span> <span class='ocrx_word' id='word_1_244' title='bbox 1100 1988 1154 2015; x_wconf 85' lang='lat' dir='ltr'>ex</span> <span class='ocrx_word' id='word_1_245' title='bbox 1175 1988 1296 2026; x_wconf 82' lang='lat' dir='ltr'>auro,</span> <span class='ocrx_word' id='word_1_246' title='bbox 1340 1981 1530 2028; x_wconf 85' lang='lat' dir='ltr'>argento,</span> <span class='ocrx_word' id='word_1_247' title='bbox 1564 1974 1661 2017; x_wconf 87' lang='lat' dir='ltr'>alia-</span> 
     </span>
     <span class='ocr_line' id='line_1_28' title="bbox 101 2041 1659 2099; baseline 0.001 -15"><span class='ocrx_word' id='word_1_248' title='bbox 101 2056 152 2086; x_wconf 83' lang='lat' dir='ltr'>ve</span> <span class='ocrx_word' id='word_1_249' title='bbox 173 2041 360 2094; x_wconf 77' lang='lat' dir='ltr'>materia,</span> <span class='ocrx_word' id='word_1_250' title='bbox 403 2048 468 2084; x_wconf 86' lang='lat' dir='ltr'>aut</span> <span class='ocrx_word' id='word_1_251' title='bbox 500 2041 699 2084; x_wconf 87' lang='lat' dir='ltr'>coloribus</span> <span class='ocrx_word' id='word_1_252' title='bbox 729 2041 768 2083; x_wconf 91' lang='lat' dir='ltr'>in</span> <span class='ocrx_word' id='word_1_253' title='bbox 800 2042 905 2098; x_wconf 87' lang='lat' dir='ltr'>ligno</span> <span class='ocrx_word' id='word_1_254' title='bbox 934 2043 1186 2099; x_wconf 81' lang='lat' dir='ltr'>exprimunt3</span> <span class='ocrx_word' id='word_1_255' title='bbox 1234 2056 1332 2099; x_wconf 85' lang='lat' dir='ltr'>quae</span> <span class='ocrx_word' id='word_1_256' title='bbox 1366 2043 1659 2085; x_wconf 89' lang='lat' dir='ltr'>similitudinem</span> 
     </span>
    </p>
   </div>
   <div class='ocr_carea' id='block_1_7' title="bbox 0 2110 1660 2168">
    <p class='ocr_par' dir='ltr' id='par_1_8' title="bbox 0 2110 1660 2168">
     <span class='ocr_line' id='line_1_29' title="bbox 0 2110 1660 2168; baseline -0.001 -15"><span class='ocrx_word' id='word_1_257' title='bbox 0 2111 9 2124; x_wconf 81' lang='grc'>“’</span> <span class='ocrx_word' id='word_1_258' title='bbox 101 2110 248 2153; x_wconf 69' lang='lat' dir='ltr'>babeat</span> <span class='ocrx_word' id='word_1_259' title='bbox 266 2110 332 2153; x_wconf 86' lang='lat' dir='ltr'>illa</span> <span class='ocrx_word' id='word_1_260' title='bbox 351 2110 531 2166; x_wconf 82' lang='lat' dir='ltr'>quidem,</span> <span class='ocrx_word' id='word_1_261' title='bbox 574 2110 867 2167; x_wconf 86' lang='lat' dir='ltr'>exemplaribus</span> <span class='ocrx_word' id='word_1_262' title='bbox 898 2125 995 2153; x_wconf 88' lang='lat' dir='ltr'>vero</span> <span class='ocrx_word' id='word_1_263' title='bbox 1027 2111 1110 2152; x_wconf 90' lang='lat' dir='ltr'>suis</span> <span class='ocrx_word' id='word_1_264' title='bbox 1134 2111 1240 2153; x_wconf 91' lang='lat' dir='ltr'>nullo</span> <span class='ocrx_word' id='word_1_265' title='bbox 1267 2111 1382 2154; x_wconf 84' lang='lat' dir='ltr'>modo</span> <span class='ocrx_word' id='word_1_266' title='bbox 1403 2118 1494 2153; x_wconf 86' lang='lat' dir='ltr'>sunt</span> <span class='ocrx_word' id='word_1_267' title='bbox 1516 2125 1660 2168; x_wconf 83' lang='lat' dir='ltr'>aequa·</span> 
     </span>
    </p>
   </div>
   <div class='ocr_carea' id='block_1_8' title="bbox 100 2177 1660 2716">
    <p class='ocr_par' dir='ltr' id='par_1_9' title="bbox 100 2177 1660 2716">
     <span class='ocr_line' id='line_1_30' title="bbox 101 2177 1660 2236; baseline -0.001 -13"><span class='ocrx_word' id='word_1_268' title='bbox 101 2178 170 2223; x_wconf 79' lang='lat' dir='ltr'>lia.</span> <span class='ocrx_word' id='word_1_269' title='bbox 230 2177 302 2222; x_wconf 89' lang='lat' dir='ltr'>Sie</span> <span class='ocrx_word' id='word_1_270' title='bbox 331 2179 380 2221; x_wconf 91' lang='lat' dir='ltr'>ab</span> <span class='ocrx_word' id='word_1_271' title='bbox 410 2179 488 2220; x_wconf 86' lang='lat' dir='ltr'>illis</span> <span class='ocrx_word' id='word_1_272' title='bbox 519 2178 658 2227; x_wconf 61' lang='lat' dir='ltr'>nallide</span> <span class='ocrx_word' id='word_1_273' title='bbox 687 2179 867 2235; x_wconf 84' lang='lat' dir='ltr'>quiddam</span> <span class='ocrx_word' id='word_1_274' title='bbox 898 2180 1168 2236; x_wconf 85' lang='lat' dir='ltr'>excogitatum</span> <span class='ocrx_word' id='word_1_275' title='bbox 1201 2187 1263 2222; x_wconf 86' lang='lat' dir='ltr'>est</span> <span class='ocrx_word' id='word_1_276' title='bbox 1300 2180 1518 2223; x_wconf 87' lang='lat' dir='ltr'>huiusmodi</span> <span class='ocrx_word' id='word_1_277' title='bbox 1549 2188 1591 2222; x_wconf 89' lang='lat' dir='ltr'>ut</span> <span class='ocrx_word' id='word_1_278' title='bbox 1617 2181 1660 2222; x_wconf 88' lang='lat' dir='ltr'>li-</span> 
     </span>
     <span class='ocr_line' id='line_1_31' title="bbox 101 2247 1659 2305; baseline -0.002 -13"><span class='ocrx_word' id='word_1_279' title='bbox 101 2247 195 2292; x_wconf 72' lang='lat' dir='ltr'>tien</span> <span class='ocrx_word' id='word_1_280' title='bbox 218 2247 320 2305; x_wconf 76' lang='lat' dir='ltr'>patri</span> <span class='ocrx_word' id='word_1_281' title='bbox 342 2247 509 2290; x_wconf 88' lang='lat' dir='ltr'>similem</span> <span class='ocrx_word' id='word_1_282' title='bbox 536 2261 627 2290; x_wconf 88' lang='lat' dir='ltr'>esse</span> <span class='ocrx_word' id='word_1_283' title='bbox 652 2248 894 2299; x_wconf 76' lang='lat' dir='ltr'>faterentur,</span> <span class='ocrx_word' id='word_1_284' title='bbox 936 2248 1030 2290; x_wconf 86' lang='lat' dir='ltr'>licet</span> <span class='ocrx_word' id='word_1_285' title='bbox 1053 2248 1146 2291; x_wconf 87' lang='lat' dir='ltr'>nihil</span> <span class='ocrx_word' id='word_1_286' title='bbox 1170 2249 1209 2291; x_wconf 88' lang='lat' dir='ltr'>in</span> <span class='ocrx_word' id='word_1_287' title='bbox 1232 2248 1318 2304; x_wconf 91' lang='lat' dir='ltr'>ipso</span> <span class='ocrx_word' id='word_1_288' title='bbox 1346 2256 1534 2305; x_wconf 83' lang='lat' dir='ltr'>paternae</span> <span class='ocrx_word' id='word_1_289' title='bbox 1559 2248 1659 2289; x_wconf 90' lang='lat' dir='ltr'>divi-</span> 
     </span>
     <span class='ocr_line' id='line_1_32' title="bbox 101 2314 1657 2373; baseline -0.002 -13"><span class='ocrx_word' id='word_1_290' title='bbox 101 2314 236 2360; x_wconf 72' lang='lat' dir='ltr'>nitatis</span> <span class='ocrx_word' id='word_1_291' title='bbox 251 2315 418 2359; x_wconf 81' lang='lat' dir='ltr'>inesset.</span> <span class='ocrx_word' id='word_1_292' title='bbox 484 2314 592 2358; x_wconf 76' lang='lat' dir='ltr'>Haec</span> <span class='ocrx_word' id='word_1_293' title='bbox 613 2315 766 2358; x_wconf 84' lang='lat' dir='ltr'>illorum</span> <span class='ocrx_word' id='word_1_294' title='bbox 790 2317 949 2358; x_wconf 83' lang='lat' dir='ltr'>decreta</span> <span class='ocrx_word' id='word_1_295' title='bbox 972 2317 1174 2370; x_wconf 87' lang='lat' dir='ltr'>nonnulli,</span> <span class='ocrx_word' id='word_1_296' title='bbox 1207 2317 1270 2373; x_wconf 89' lang='lat' dir='ltr'>qui</span> <span class='ocrx_word' id='word_1_297' title='bbox 1298 2332 1385 2359; x_wconf 90' lang='lat' dir='ltr'>cum</span> <span class='ocrx_word' id='word_1_298' title='bbox 1408 2317 1504 2372; x_wconf 91' lang='lat' dir='ltr'>ipsis</span> <span class='ocrx_word' id='word_1_299' title='bbox 1527 2323 1657 2369; x_wconf 80' lang='lat' dir='ltr'>erant,</span> 
     </span>
     <span class='ocr_line' id='line_1_33' title="bbox 100 2384 1659 2444; baseline -0.001 -16"><span class='ocrx_word' id='word_1_300' title='bbox 100 2385 240 2444; x_wconf 70' lang='lat' dir='ltr'>partin</span> <span class='ocrx_word' id='word_1_301' title='bbox 262 2391 423 2442; x_wconf 73' lang='lat' dir='ltr'>pmpter</span> <span class='ocrx_word' id='word_1_302' title='bbox 443 2384 631 2441; x_wconf 83' lang='lat' dir='ltr'>temporis</span> <span class='ocrx_word' id='word_1_303' title='bbox 654 2384 912 2427; x_wconf 78' lang='lat' dir='ltr'>calamitatem</span> <span class='ocrx_word' id='word_1_304' title='bbox 935 2385 1224 2442; x_wconf 87' lang='lat' dir='ltr'>approbarunt,</span> <span class='ocrx_word' id='word_1_305' title='bbox 1258 2393 1298 2427; x_wconf 87' lang='lat' dir='ltr'>et</span> <span class='ocrx_word' id='word_1_306' title='bbox 1321 2399 1417 2427; x_wconf 90' lang='lat' dir='ltr'>vero</span> <span class='ocrx_word' id='word_1_307' title='bbox 1440 2399 1580 2440; x_wconf 86' lang='lat' dir='ltr'>magna</span> <span class='ocrx_word' id='word_1_308' title='bbox 1606 2399 1659 2427; x_wconf 84' lang='lat' dir='ltr'>ex</span> 
     </span>
     <span class='ocr_line' id='line_1_34' title="bbox 102 2452 1660 2511; baseline -0.001 -15"><span class='ocrx_word' id='word_1_309' title='bbox 102 2460 215 2511; x_wconf 79' lang='lat' dir='ltr'>parte</span> <span class='ocrx_word' id='word_1_310' title='bbox 234 2453 383 2496; x_wconf 84' lang='lat' dir='ltr'>conscii</span> <span class='ocrx_word' id='word_1_311' title='bbox 411 2467 459 2495; x_wconf 89' lang='lat' dir='ltr'>ae</span> <span class='ocrx_word' id='word_1_312' title='bbox 488 2454 663 2495; x_wconf 77' lang='lat' dir='ltr'>lautores</span> <span class='ocrx_word' id='word_1_313' title='bbox 686 2460 815 2495; x_wconf 85' lang='lat' dir='ltr'>erant.</span> <span class='ocrx_word' id='word_1_314' title='bbox 876 2452 1045 2510; x_wconf 84' lang='lat' dir='ltr'>Quidam</span> <span class='ocrx_word' id='word_1_315' title='bbox 1077 2461 1207 2496; x_wconf 89' lang='lat' dir='ltr'>tamen</span> <span class='ocrx_word' id='word_1_316' title='bbox 1236 2454 1350 2496; x_wconf 85' lang='lat' dir='ltr'>inscii</span> <span class='ocrx_word' id='word_1_317' title='bbox 1374 2460 1415 2495; x_wconf 92' lang='lat' dir='ltr'>et</span> <span class='ocrx_word' id='word_1_318' title='bbox 1436 2453 1660 2510; x_wconf 88' lang='lat' dir='ltr'>impruden-</span> 
     </span>
     <span class='ocr_line' id='line_1_35' title="bbox 104 2521 1660 2579; baseline -0.001 -14"><span class='ocrx_word' id='word_1_319' title='bbox 104 2528 167 2566; x_wconf 74' lang='lat' dir='ltr'>tes</span> <span class='ocrx_word' id='word_1_320' title='bbox 201 2521 351 2579; x_wconf 78' lang='lat' dir='ltr'>abrepti</span> <span class='ocrx_word' id='word_1_321' title='bbox 386 2529 500 2573; x_wconf 89' lang='lat' dir='ltr'>sunt,</span> <span class='ocrx_word' id='word_1_322' title='bbox 548 2528 588 2563; x_wconf 93' lang='lat' dir='ltr'>ut</span> <span class='ocrx_word' id='word_1_323' title='bbox 621 2522 737 2579; x_wconf 84' lang='lat' dir='ltr'>paulo</span> <span class='ocrx_word' id='word_1_324' title='bbox 768 2529 855 2579; x_wconf 90' lang='lat' dir='ltr'>post</span> <span class='ocrx_word' id='word_1_325' title='bbox 880 2522 1073 2578; x_wconf 82' lang='lat' dir='ltr'>apparuit.</span> <span class='ocrx_word' id='word_1_326' title='bbox 1135 2521 1262 2564; x_wconf 86' lang='lat' dir='ltr'>Erant</span> <span class='ocrx_word' id='word_1_327' title='bbox 1296 2522 1399 2564; x_wconf 89' lang='lat' dir='ltr'>enim</span> <span class='ocrx_word' id='word_1_328' title='bbox 1436 2521 1542 2564; x_wconf 87' lang='lat' dir='ltr'>inter</span> <span class='ocrx_word' id='word_1_329' title='bbox 1571 2523 1660 2564; x_wconf 88' lang='lat' dir='ltr'>illos</span> 
     </span>
     <span class='ocr_line' id='line_1_36' title="bbox 104 2588 1659 2648; baseline -0.001 -14"><span class='ocrx_word' id='word_1_330' title='bbox 104 2588 354 2647; x_wconf 68' lang='lat' dir='ltr'>Pota-ophitus</span> <span class='ocrx_word' id='word_1_331' title='bbox 379 2590 752 2648; x_wconf 80' lang='lat' dir='ltr'>Scythopolitanus,</span> <span class='ocrx_word' id='word_1_332' title='bbox 785 2597 826 2631; x_wconf 91' lang='lat' dir='ltr'>et</span> <span class='ocrx_word' id='word_1_333' title='bbox 846 2588 1072 2647; x_wconf 85' lang='lat' dir='ltr'>Philippus,</span> <span class='ocrx_word' id='word_1_334' title='bbox 1106 2591 1170 2647; x_wconf 90' lang='lat' dir='ltr'>qui</span> <span class='ocrx_word' id='word_1_335' title='bbox 1197 2591 1310 2633; x_wconf 80' lang='lat' dir='ltr'>liuius</span> <span class='ocrx_word' id='word_1_336' title='bbox 1332 2604 1542 2632; x_wconf 86' lang='lat' dir='ltr'>successor</span> <span class='ocrx_word' id='word_1_337' title='bbox 1565 2605 1659 2633; x_wconf 87' lang='lat' dir='ltr'>con-</span> 
     </span>
     <span class='ocr_line' id='line_1_37' title="bbox 104 2658 1659 2716; baseline 0 -14"><span class='ocrx_word' id='word_1_338' title='bbox 104 2659 264 2702; x_wconf 83' lang='lat' dir='ltr'>stitutus</span> <span class='ocrx_word' id='word_1_339' title='bbox 287 2658 367 2702; x_wconf 91' lang='lat' dir='ltr'>illic</span> <span class='ocrx_word' id='word_1_340' title='bbox 393 2659 542 2712; x_wconf 78' lang='lat' dir='ltr'>luerat,</span> <span class='ocrx_word' id='word_1_341' title='bbox 585 2673 672 2701; x_wconf 92' lang='lat' dir='ltr'>cum</span> <span class='ocrx_word' id='word_1_342' title='bbox 698 2659 784 2701; x_wconf 84' lang='lat' dir='ltr'>aliis</span> <span class='ocrx_word' id='word_1_343' title='bbox 813 2658 1030 2715; x_wconf 86' lang='lat' dir='ltr'>plerisque,</span> <span class='ocrx_word' id='word_1_344' title='bbox 1075 2660 1138 2715; x_wconf 88' lang='lat' dir='ltr'>qui</span> <span class='ocrx_word' id='word_1_345' title='bbox 1167 2659 1264 2700; x_wconf 82' lang='lat' dir='ltr'>hanc</span> <span class='ocrx_word' id='word_1_346' title='bbox 1298 2659 1490 2701; x_wconf 83' lang='lat' dir='ltr'>haeresim</span> <span class='ocrx_word' id='word_1_347' title='bbox 1514 2659 1659 2716; x_wconf 83' lang='lat' dir='ltr'>ample-</span> 
     </span>
    </p>
   </div>
   <div class='ocr_carea' id='block_1_9' title="bbox 0 2725 1659 2923">
    <p class='ocr_par' dir='ltr' id='par_1_10' title="bbox 0 2724 1659 2923">
     <span class='ocr_line' id='line_1_38' title="bbox 103 2725 1659 2785; baseline 0 -15"><span class='ocrx_word' id='word_1_348' title='bbox 103 2726 324 2771; x_wconf 82' lang='lat' dir='ltr'>ctebantur.</span> <span class='ocrx_word' id='word_1_349' title='bbox 387 2725 515 2770; x_wconf 80' lang='lat' dir='ltr'>Hodie</span> <span class='ocrx_word' id='word_1_350' title='bbox 546 2741 641 2770; x_wconf 85' lang='lat' dir='ltr'>vero</span> <span class='ocrx_word' id='word_1_351' title='bbox 667 2734 755 2785; x_wconf 88' lang='lat' dir='ltr'>post</span> <span class='ocrx_word' id='word_1_352' title='bbox 789 2726 943 2769; x_wconf 88' lang='lat' dir='ltr'>illorum</span> <span class='ocrx_word' id='word_1_353' title='bbox 974 2727 1144 2780; x_wconf 89' lang='lat' dir='ltr'>obitum,</span> <span class='ocrx_word' id='word_1_354' title='bbox 1190 2727 1254 2770; x_wconf 90' lang='lat' dir='ltr'>ubi</span> <span class='ocrx_word' id='word_1_355' title='bbox 1281 2728 1451 2784; x_wconf 89' lang='lat' dir='ltr'>ipsorum</span> <span class='ocrx_word' id='word_1_356' title='bbox 1481 2727 1659 2784; x_wconf 81' lang='lat' dir='ltr'>impietas</span> 
     </span>
     <span class='ocr_line' id='line_1_39' title="bbox 0 2794 1659 2854; baseline 0 -15"><span class='ocrx_word' id='word_1_357' title='bbox 0 2795 16 2851; x_wconf 60' lang='lat' dir='ltr'>z}</span> <span class='ocrx_word' id='word_1_358' title='bbox 104 2795 221 2853; x_wconf 70' lang='lat' dir='ltr'>louge</span> <span class='ocrx_word' id='word_1_359' title='bbox 244 2795 400 2853; x_wconf 80' lang='lat' dir='ltr'>lateque</span> <span class='ocrx_word' id='word_1_360' title='bbox 424 2803 661 2854; x_wconf 81' lang='lat' dir='ltr'>propagata,</span> <span class='ocrx_word' id='word_1_361' title='bbox 696 2794 895 2837; x_wconf 79' lang='lat' dir='ltr'>audaciam</span> <span class='ocrx_word' id='word_1_362' title='bbox 922 2810 970 2837; x_wconf 85' lang='lat' dir='ltr'>ae</span> <span class='ocrx_word' id='word_1_363' title='bbox 995 2796 1189 2838; x_wconf 83' lang='lat' dir='ltr'>licentiam</span> <span class='ocrx_word' id='word_1_364' title='bbox 1219 2796 1322 2838; x_wconf 82' lang='lat' dir='ltr'>nacti</span> <span class='ocrx_word' id='word_1_365' title='bbox 1345 2810 1391 2838; x_wconf 83' lang='lat' dir='ltr'>ac</span> <span class='ocrx_word' id='word_1_366' title='bbox 1416 2795 1547 2838; x_wconf 87' lang='lat' dir='ltr'>carnis</span> <span class='ocrx_word' id='word_1_367' title='bbox 1570 2796 1659 2839; x_wconf 87' lang='lat' dir='ltr'>bra·</span> 
     </span>
     <span class='ocr_line' id='line_1_40' title="bbox 11 2860 1658 2923; baseline 0.001 -16"><span class='ocrx_word' id='word_1_368' title='bbox 11 2871 19 2907; x_wconf 78' lang='grc'>.’</span> <span class='ocrx_word' id='word_1_369' title='bbox 103 2860 192 2908; x_wconf 80' lang='lat' dir='ltr'>ebio</span> <span class='ocrx_word' id='word_1_370' title='bbox 215 2864 328 2917; x_wconf 72' lang='lat' dir='ltr'>freti,</span> <span class='ocrx_word' id='word_1_371' title='bbox 361 2864 464 2908; x_wconf 82' lang='lat' dir='ltr'>nulla</span> <span class='ocrx_word' id='word_1_372' title='bbox 490 2879 533 2907; x_wconf 86' lang='lat' dir='ltr'>re</span> <span class='ocrx_word' id='word_1_373' title='bbox 558 2865 632 2907; x_wconf 86' lang='lat' dir='ltr'>iam</span> <span class='ocrx_word' id='word_1_374' title='bbox 658 2864 863 2916; x_wconf 82' lang='lat' dir='ltr'>obstante,</span> <span class='ocrx_word' id='word_1_375' title='bbox 908 2878 1072 2919; x_wconf 86' lang='lat' dir='ltr'>quorum</span> <span class='ocrx_word' id='word_1_376' title='bbox 1097 2864 1303 2907; x_wconf 81' lang='lat' dir='ltr'>consilium</span> <span class='ocrx_word' id='word_1_377' title='bbox 1324 2863 1495 2908; x_wconf 86' lang='lat' dir='ltr'>inierant</span> <span class='ocrx_word' id='word_1_378' title='bbox 1522 2872 1658 2923; x_wconf 87' lang='lat' dir='ltr'>aperte</span> 
     </span>
    </p>
   </div>
   <div class='ocr_carea' id='block_1_10' title="bbox 102 3000 1279 3049">
    <p class='ocr_par' dir='ltr' id='par_1_11' title="bbox 102 3000 1279 3049">
     <span class='ocr_line' id='line_1_41' title="bbox 102 3000 1279 3049; baseline -0.002 -12"><span class='ocrx_word' id='word_1_379' title='bbox 102 3009 200 3045; x_wconf 67' lang='lat' dir='ltr'>qua·</span> <span class='ocrx_word' id='word_1_380' title='bbox 215 3006 296 3037; x_wconf 65' lang='lat' dir='ltr'>sets</span> <span class='ocrx_word' id='word_1_381' title='bbox 316 3002 505 3037; x_wconf 69' lang='lat' dir='ltr'>varnerium</span> <span class='ocrx_word' id='word_1_382' title='bbox 526 3005 605 3037; x_wconf 75' lang='lat' dir='ltr'>reete</span> <span class='ocrx_word' id='word_1_383' title='bbox 627 3004 861 3046; x_wconf 68' lang='lat' dir='ltr'>interpretatum</span> <span class='ocrx_word' id='word_1_384' title='bbox 882 3010 947 3036; x_wconf 75' lang='lat' dir='ltr'>mo</span> <span class='ocrx_word' id='word_1_385' title='bbox 969 3001 1060 3035; x_wconf 69' lang='lat' dir='ltr'>video</span> <span class='ocrx_word' id='word_1_386' title='bbox 1082 3006 1160 3049; x_wconf 80' lang='lat' dir='ltr'>post</span> <span class='ocrx_word' id='word_1_387' title='bbox 1182 3000 1279 3035; x_wconf 87' lang='lat' dir='ltr'>hunc.</span> 
     </span>
    </p>
   </div>
   <div class='ocr_carea' id='block_1_11' title="bbox 1705 1459 1836 1514">
    <p class='ocr_par' dir='ltr' id='par_1_12' title="bbox 1705 1459 1836 1514">
     <span class='ocr_line' id='line_1_42' title="bbox 1705 1459 1836 1514; baseline -0.008 0"><span class='ocrx_word' id='word_1_388' title='bbox 1705 1459 1836 1514; x_wconf 76' lang='lat' dir='ltr'>xxiv.</span> 
     </span>
    </p>
   </div>
  </div>
 </body>
</html>
