2020 3276
472 203 655 239 rammi
681 203 768 237 ua.
785 203 845 236 nt.
867 203 978 237 τοΜ.
996 203 1022 237 ι.
1046 202 1181 237 nun.
1197 202 1358 237 mcxvi.
1612 192 1695 236 263

147 283 355 335 Μ
387 285 596 329 coniuncta
630 290 722 326 sunt
752 282 916 325 eandem
948 282 998 324 ob
1032 296 1230 325 caussam.
1292 280 1336 324 ln
1366 283 1441 325 deo
1474 295 1572 325 vero
1601 282 1698 325 nihil

148 352 360 405 hodi,
392 353 482 395 dnm
506 352 624 395 lilium
645 357 880 407 generaret,
912 350 1042 392 locum
1066 350 1210 392 habere
1236 351 1387 408 potuit..
1434 349 1540 393 Nam
1560 350 1596 394 si
1619 350 1697 393 tale

145 419 340 479 ρρἰιιι
372 421 415 464 in
442 421 530 477 ipso
560 421 745 463 extitisse
773 419 972 471 dieamus,
1014 426 1058 460 ut
1088 418 1217 460 inanis
1245 420 1409 461 istorum
1445 421 1523 462 l'ert
1546 419 1695 476 opinio,

143 492 248 547 ’μα
278 489 329 532 sd
355 489 610 533 evertendam
638 488 700 530 dei
716 488 902 531 vsobolem
926 486 1120 544 pertinet,
1162 501 1216 528 ex
1249 487 1375 529 altero
1398 488 1499 543 quod
1524 487 1562 529 iu
1583 487 1698 530 nobis

143 557 250 606 ‘fient
268 556 346 601 ute
362 557 555 600 adversus
572 557 663 599 illos
685 563 959 612 argumentum
981 555 1209 596 efficiemus.
1271 554 1429 597 Etenim
1450 556 1564 598 nobis
1583 555 1697 613 ipsis,

142 625 211 683 ῃί
243 639 324 668 non
357 626 446 671 sine
475 625 685 668 affectione
707 624 928 681 gignimus,
968 630 1035 665 ant
1064 622 1283 678 gignimur,
1327 625 1541 666 secundum
1576 625 1699 680 quod·

142 693 232 737 δ’·
250 693 412 738 iunium
437 701 501 736 est
526 693 748 736 affectionis
770 706 920 749 genus,
965 706 1053 733 eum
1084 691 1228 747 aliquid
1257 706 1527 748 procreamus.
1591 691 1697 735 Tum

141 762 250 806 eni-
269 762 432 820 perinde
452 763 621 819 patimur
641 776 689 804 se
710 762 798 803 dum
822 760 1037 817 gignimus,
1069 767 1137 802 aut
1158 759 1372 816 gignimur.
1435 761 1555 817 Atqui
1582 762 1696 803 deum

143 843 242 884 stes,
282 831 320 873 si
342 845 422 873 non
455 831 701 887 genitorem,
742 837 852 871 certe
885 835 1106 870 creatorem
1139 829 1378 884 agnoscitis,
1421 836 1539 884 atque
1565 836 1605 870 ut
1630 829 1697 871 lilii

140 898 441 957 munitatem
464 899 696 954 abnegetis,
741 905 782 939 et
803 897 1036 939 catholicum
1067 897 1205 952 dogma
1233 897 1489 947 convolutis,
1529 911 1698 953 genera·

142 967 243 1011 tte-i
264 967 419 1024 quidem
442 966 690 1010 affectionem
714 965 908 1017 tribuitis,
952 965 1117 1007 eandem
1154 980 1252 1007 vero
1282 965 1321 1006 iu
1354 965 1556 1007 creatione
1581 965 1698 1008 dissi-

143 1034 326 1088 notans,
356 1049 458 1092 quse
483 1043 523 1077 et
542 1035 627 1092 ipsa
650 1035 690 1077 in
712 1035 787 1076 deo
810 1033 1020 1091 reperitur,
1053 1047 1127 1075 nec
1149 1034 1188 1076 in
1210 1048 1259 1076 eo
1286 1041 1415 1076 tamen
1437 1033 1593 1075 affectio
1617 1041 1694 1086 est,

142 1103 309 1149 stit-t
334 1103 429 1147 illud
459 1103 650 1146 dieamus.
710 1101 799 1145 Nos
830 1103 935 1145 enim
959 1102 1103 1145 nullam
1134 1103 1171 1144 ei
1204 1102 1455 1144 affectionem
1487 1110 1697 1159 propterea

143 1172 372 1224 “fini-ns,
410 1172 514 1228 quod
547 1171 719 1215 omnium
751 1178 974 1213 creatorem
1011 1185 1101 1214 esse
1139 1173 1347 1213 fateamur.
1418 1168 1613 1214 Similiter
1644 1185 1693 1213 ne

142 1239 392 1284 affectio-om
415 1241 571 1296 quidem
602 1241 642 1282 in
666 1254 715 1282 eo
739 1246 918 1297 putamus
942 1253 1058 1291 esse,
1101 1239 1202 1295 quod
1228 1253 1363 1280 verum
1389 1239 1507 1281 lilium
1531 1253 1627 1280 vere
1650 1253 1696 1281 ac

142 1308 231 1352 s'ioe
250 1308 389 1361 initio,
429 1309 493 1352 vel
516 1316 716 1365 tempore,
758 1308 945 1364 genuisse
969 1309 1178 1350 fateamur.
1240 1305 1303 1351 Ob
1326 1308 1362 1349 id
1387 1315 1566 1350 naturam
1592 1308 1697 1351 illius

141 1376 421 1434 cumprehendi
451 1391 528 1418 uon
565 1391 706 1434 posse,
749 1383 791 1418 et
812 1377 861 1418 ab
886 1376 992 1418 omni
1021 1390 1170 1432 genere
1199 1376 1450 1419 affectionum
1483 1376 1695 1419 immunem

142 1458 232 1488 esse
252 1445 545 1501 cognoscimus.
605 1444 824 1502 Propterea
846 1446 1012 1487 eundem
1034 1445 1122 1486 sine
1142 1444 1219 1486 ulla
1240 1444 1450 1486 affectione
1474 1445 1695 1499 genitorem

141 1526 188 1556 so
207 1520 428 1556 creatorem
452 1514 683 1556 asserimus.
746 1511 901 1570 Quippe
925 1514 1019 1555 nihil
1040 1513 1199 1555 omuino
1220 1513 1371 1569 patiens
1397 1513 1553 1555 unicum
1577 1513 1694 1555 filium

139 1582 300 1639 genuit,
330 1589 372 1624 et
394 1595 447 1625 ex
469 1596 514 1624 se
533 1582 620 1639 ipso
642 1589 819 1624 sanctum
845 1596 957 1623 suum
982 1582 1161 1638 spiritum
1188 1581 1333 1633 emisit,
1367 1581 1512 1623 nullum
1534 1582 1695 1623 omnino

139 1650 356 1694 sectionem
380 1657 449 1692 snt
474 1651 722 1707 partitionem
745 1658 950 1707 expertus.
1016 1649 1120 1691 ldem
1152 1657 1286 1691 creata
1314 1650 1446 1692 onmia
1472 1650 1696 1707 procreavit

139 1718 240 1763 eitra
262 1719 530 1775 fatigationem
556 1726 597 1761 et
617 1719 863 1761 affectionem
896 1719 1028 1760 ullam.
1089 1717 1192 1761 Tum
1213 1733 1310 1760 vero
1334 1719 1515 1775 quicquid
1538 1718 1696 1760 libuerit

139 1800 213 1846 po
230 1801 282 1831 eo
299 1798 348 1830 so
372 1787 568 1829 divinitati
591 1801 686 1830 suae
708 1802 924 1843 congruum
948 1795 1008 1829 est
1031 1787 1212 1839 molitur;
1257 1802 1335 1829 non
1358 1788 1459 1844 quod
1485 1794 1600 1829 autea
1626 1801 1695 1829 ve·

138 1856 208 1909 tit,
250 1863 295 1899 nt
313 1855 501 1899 attentius
532 1863 668 1913 postea
698 1857 880 1912 cogitans
910 1857 1035 1898 discat
1061 1856 1198 1911 ecquid
1226 1856 1357 1913 perlici
1384 1856 1486 1912 quod
1512 1856 1695 1912 designat

138 1931 335 1982 oporteat.
393 1922 537 1980 Neque
557 1924 612 1967 ita
635 1925 719 1967 vult
735 1925 879 1981 exequi
902 1932 944 1967 ut
968 1925 1018 1966 ob
1040 1924 1287 1966 affectionem
1311 1924 1479 1980 aliquam
1501 1924 1691 1966 voluntati

138 2006 239 2050 opus
258 1993 384 2051 ipsum
404 2000 707 2049 repraesentare
731 2000 914 2050 nequeat.
974 1991 1080 2035 Nam
1112 1993 1210 2035 baec
1240 1992 1370 2035 onmia
1401 1993 1515 2036 simul
1539 1993 1574 2034 ei
1600 2007 1693 2050 sup-

138 2067 291 2119 pet-nt,
322 2061 442 2112 velle,
469 2062 618 2112 faeere,
652 2062 808 2104 unicum
830 2075 1024 2118 generare
1051 2062 1186 2113 tilium,
1217 2076 1427 2119 procreare
1448 2076 1513 2104 res
1534 2075 1689 2104 omues.

139 2127 465 2186 Quandoquidem
505 2130 568 2171 dei
599 2137 738 2172 natura
777 2138 818 2172 et
857 2129 1045 2172 maiestas
1085 2130 1191 2172 omni
1232 2137 1294 2172 est
1325 2130 1432 2172 Aelii
1470 2129 1691 2187 disputandi

138 2198 386 2241 subtitilitste
407 2204 447 2239 et
472 2196 639 2240 bumana
662 2197 886 2241 conditione
911 2198 1108 2253 superior.
1168 2196 1302 2250 Deus,
1334 2200 1516 2254 iuquam,
1548 2198 1692 2240 iutelli-

137 2266 309 2323 gentism
335 2280 490 2308 omnem
514 2273 751 2322 exsuperat,
781 2280 856 2309 neo
877 2266 1076 2310 affectioni
1103 2267 1206 2309 cedit
1230 2267 1320 2319 ulli,
1353 2268 1423 2310 sed
1452 2280 1570 2323 supra
1595 2266 1692 2308 affe·

138 2333 309 2378 ctionem
340 2348 495 2376 omnem
526 2348 573 2375 ac
603 2335 866 2391 suspicionem
897 2334 1059 2377 eminet.

250 2402 359 2446 Aetii
381 2400 511 2460 Caput
539 2401 638 2445 XV.
700 2401 744 2445 Si
766 2403 898 2459 genita
919 2403 1078 2447 soboles
1102 2411 1240 2446 natura
1265 2404 1314 2446 ob
1337 2410 1591 2459 generantem
1620 2402 1691 2444 im-

138 2470 334 2514 mutabilis
365 2478 449 2522 est,
491 2471 593 2528 qnod
625 2471 841 2527 ingenitum
872 2478 935 2514 est
964 2472 1185 2515 substantia
1218 2473 1407 2529 quaedam
1438 2470 1690 2513 immutabilis

136 2545 224 2591 est,
265 2553 344 2582 non
382 2539 548 2582 arbitrio
587 2539 843 2595 cuiusquam,
886 2540 957 2582 sed
987 2539 1103 2583 insita
1143 2542 1307 2597 quadam
1347 2540 1593 2583 substantiae
1633 2540 1691 2582 di·

135 2606 301 2664 gnitate.

249 2673 411 2720 Confut-
435 2674 535 2719 XV.
597 2675 814 2732 Quousque
853 2676 1009 2718 tandem
1034 2678 1170 2719 eadem
1201 2676 1314 2719 nobis
1339 2675 1571 2729 inculcabit,
1615 2690 1688 2720 noc

135 2742 186 2786 sb
204 2743 255 2787 iis
274 2758 374 2801 quse
394 2752 509 2787 antea
533 2745 731 2802 proposita
754 2751 847 2787 suut
867 2744 1066 2787 diversum
1091 2746 1257 2788 afferet?
1315 2742 1419 2787 Nam
1447 2758 1547 2801 quae
1577 2745 1687 2788 initio

135 2858 284 2892 m
311 2860 466 2900 empturo
499 2863 551 2892 est.
600 2860 772 2892 Carnarius
804 2859 892 2891 vernt
937 2859 1010 2891 edit.
1036 2859 1141 2892 Peroe.

136 2901 219 2936 dtr-s
249 2903 487 2942 afflictionem.
526 2915 633 2948 neque
663 2903 798 2937 allectui
825 2902 890 2935 ob-
988 2906 1015 2937 l.
1040 2902 1111 2938 (cs-rt
1134 2906 1218 2937 obest
1240 2915 1350 2946 supra.

137 2947 268 2983 noxius.
315 2950 398 2982 Olim
423 2951 575 2990 putatum
599 2948 728 2991 καμών.
983 2950 1014 2981 ’2.
1042 2951 1169 2983 Correxi
1197 2948 1234 2986 τὸ
1268 2960 1307 2984 es
1335 2952 1554 2992 aspersorium.
1601 2952 1688 2985 mart

181 2993 214 3027 9.
241 2992 482 3039 βουλευόμενος
502 2996 594 3028 codd.
618 3005 692 3027 mu.
717 2999 852 3036 uterque.
937 2996 1019 3027 enim
1049 2995 1098 3028 lu‘c
1128 2997 1222 3038 t'u’yo
1253 2994 1310 3032 τὸν
1337 2991 1539 3041 ἀγέννητον,
1586 2993 1686 3033 οὐσία

187 3040 238 3072 to.
261 3038 326 3083 τῆς
347 3040 436 3073 codd.
462 3049 536 3073 mss.
568 3043 596 3073 et
617 3041 666 3074 ed.
686 3042 786 3082 wine.
833 3038 892 3075 καὶ
937 3040 1009 3077 κτλ.
