2020 3276
447 236 628 271 Pmann
651 236 735 271 Lm.
747 237 807 271 111.
830 238 998 272 'roffi-ll.
1018 238 1154 272 HABR.
1172 238 1319 272 LXXX.
1566 230 1649 272 465

103 315 332 372 m
352 325 452 375 qnos
473 315 732 373 Eupbemitae
752 317 878 359 coorti
897 324 1005 369 sunt,
1037 318 1102 374 qui
1122 324 1164 361 et
1182 315 1417 361 Massaliani
1440 325 1649 371 vocantur,

101 385 415 445 *adiuta
434 393 498 428 est
519 385 672 442 priores
692 385 782 428 illos
802 385 946 428 imitari
967 386 1182 428 studuisse.
1244 385 1393 428 Verum
1412 386 1478 430 isti
1496 387 1650 443 quidem

103 453 561 514 §fldfilibaa‚prol'eeti,
584 467 712 510 neque
733 451 966 496 ludaeorum
986 461 1151 507 sectam,
1184 468 1311 510 neque
1331 452 1652 498 Christianorum

104 522 419 583 a—pkfiaeunt,
451 536 526 565 nec
544 522 650 565 inter
674 520 950 565 Samaritanus
975 531 1214 576 censentur,
1246 525 1317 566 sed
1337 525 1507 580 gentiles
1527 524 1653 567 omni-

104 605 161 637 ιο
188 599 307 645 aaut,
348 598 390 635 et
421 606 509 634 cum
541 604 631 634 esse
660 591 758 634 deos
781 598 986 643 asserant,
1029 592 1176 634 nullum
1202 598 1331 634 tamen
1355 594 1542 644 adorant,
1583 593 1654 635 sed

103 672 227 705 nu·
247 661 440 704 haunt
459 666 701 702 venerantur
721 673 835 715 quem
856 657 1179 716 omnipotentem
1197 661 1405 717 appellant.
1469 659 1549 716 Qui
1571 661 1656 717 qui·

103 728 363 773 dam-ms
393 728 468 771 sibi
504 729 642 770 domos
676 727 934 779 fabricantes,
980 735 1022 770 et
1053 729 1254 781 laxiores,
1304 731 1479 772 sororum
1508 730 1652 782 instar,

104 797 226 842 m
243 794 496 841 Prosenebas
515 797 602 839 illas
622 796 889 839 nominarunt.
950 795 1149 839 Habuisse
1172 798 1325 854 quidem
1352 796 1521 840 ludaeos
1541 806 1657 840 extra

106 865 250 910 ὥσ·
269 872 312 908 et
335 864 611 909 Samaritanus
632 872 742 908 certa
766 865 952 922 quaedam
976 867 1024 907 ad
1046 867 1282 922 precandum
1306 867 1393 909 loca
1416 882 1513 924 quas
1532 866 1655 910 Pros-

104 934 253 978 sabas
279 934 485 987 dicarent,
528 948 582 976 ex
616 934 883 991 apostolorum
918 934 1072 977 actibus
1103 936 1247 991 liquet,
1291 936 1355 978 ubi
1378 951 1574 993 purpurae
1599 937 1659 979 in·

105 1000 244 1047 alitrix
265 1000 394 1060 Lydia
418 999 544 1045 Paulo
566 1003 789 1045 occurrisse
810 1002 969 1045 dicitur.
1030 1002 1093 1046 De
1115 1018 1192 1060 quo
1213 1003 1267 1046 ita
1288 1003 1481 1061 scriptura
1505 1013 1655 1059 narrat,

107 1073 336 1121 m,
369 1071 518 1127 inquit,
550 1074 656 1113 loeus
674 1075 860 1112 orationis
882 1087 976 1112 esse.
1038 1070 1093 1114 Et
1115 1080 1371 1115 accesserunt
1391 1075 1574 1130 apostoli,
1607 1089 1654 1117 ac
1674 1085 1740 1114 aet.
1757 1084 1802 1119 ιε,
1820 1084 1863 1114 13.
1942 1112 1950 1121 ‚

105 1139 296 1184 nuliam
323 1153 396 1197 per
426 1139 521 1182 illud
555 1147 706 1197 tempus
733 1141 1018 1183 convenientes
1047 1141 1282 1183 docuerunt.
1342 1140 1436 1184 Fuit
1459 1150 1499 1183 et
1521 1144 1568 1185 ad
1592 1141 1658 1186 Si·

106 1208 236 1261 u'ma,
276 1221 379 1265 qnae
409 1208 524 1251 bodie
547 1207 740 1266 Neapolis
773 1208 939 1262 dicitur,
981 1210 1156 1252 secundo
1178 1210 1228 1251 ab
1256 1210 1352 1253 urbe
1381 1211 1509 1268 lapide
1536 1210 1658 1254 Pros-

94 1276 260 1330 sach,
290 1277 379 1320 sive
398 1274 653 1330 Oratorium,
686 1277 828 1320 theatri
854 1277 981 1320 instar
1003 1278 1042 1320 in
1069 1279 1227 1335 planitie
1252 1279 1388 1332 situm,
1420 1280 1508 1322 sine
1533 1287 1655 1332 tecto,

105 1358 155 1389 as
172 1345 280 1389 nodo
299 1346 415 1389 coelo
435 1345 677 1400 subiectum,
708 1346 750 1388 in
774 1360 852 1402 qno
877 1346 1104 1389 fabricando
1123 1345 1389 1400 Samaritani,
1423 1355 1466 1390 ut
1487 1349 1526 1391 in
1552 1357 1659 1392 cete·

106 1413 167 1459 ris
191 1414 398 1467 amnibus,
430 1411 599 1457 ludaeos
628 1414 768 1457 imitati
797 1422 905 1457 sunt.

226 1549 354 1610 'gitur
372 1549 606 1595 Massaliani
631 1551 875 1608 antiquiores
897 1566 919 1595 e
940 1553 1154 1609 gentilibus
1180 1554 1367 1607 excitati,
1414 1555 1478 1611 qui
1507 1555 1663 1598 bodier-
1697 1558 1777 1604 cap.
1802 1560 1843 1593 ΙΙ.

110 1634 188 1665 nos
214 1620 324 1664 istos
365 1635 390 1664 a
421 1621 563 1677 quibus
599 1618 868 1663 Christianum
908 1635 1051 1664 nomen
1092 1630 1302 1679 usurpatur
1342 1630 1660 1677 antecesserunt,

109 1689 310 1734 non-allis
327 1689 369 1732 ia
389 1689 620 1746 regionibus
642 1689 863 1732 carinarum
888 1690 1014 1732 instar
1036 1692 1239 1747 fastigatas
1259 1691 1456 1734 aediculas
1481 1701 1662 1735 constru-

108 1765 285 1811 ποτ-ιι,
326 1772 424 1815 qaas
450 1756 723 1812 Proseuchas,
765 1759 851 1801 sive
875 1756 1088 1813 oratoria,
1131 1767 1371 1817 nuncupant.
1433 1761 1539 1803 Alibi
1564 1776 1662 1804 vero

110 1825 476 1870 ta·›iueceidente
498 1841 612 1883 quam
646 1827 800 1869 oriente
830 1828 965 1870 eadem
1001 1828 1064 1870 illa
1097 1828 1181 1870 loca
1208 1829 1255 1870 ad
1280 1830 1472 1872 ecclesiae
1498 1832 1661 1872 sormam

111 1893 397 1949 οοιὺἳοηοῑς
439 1895 505 1937 nbi
534 1895 683 1951 ingenti
710 1896 958 1939 lucernarum
983 1911 1030 1939 ac
1054 1898 1195 1939 facium
1229 1912 1397 1940 accensa
1433 1899 1545 1956 copia
1568 1913 1663 1941 con-

113 1969 271 2006 natue
294 1962 455 2006 babent.
525 1962 631 2006 Tum
669 1972 801 2007 certos
832 1965 1024 2022 hymnos,
1066 1981 1165 2022 quos
1196 1966 1302 2010 illius
1333 1968 1466 2023 gregis
1496 1967 1663 2011 studiosi

112 2031 270 2089 quida-
294 2030 538 2090 seripserunt
556 2046 604 2075 ac
627 2033 688 2075 dei
713 2034 848 2076 laudes
872 2036 1107 2088 concinun13
1150 2036 1291 2092 quibus
1316 2051 1457 2093 magno
1478 2051 1576 2079 sane
1600 2051 1664 2079 er·

112 2113 208 2144 rore
242 2099 360 2143 deum
387 2113 433 2143 ae
465 2100 622 2158 placare
652 2114 699 2143 ac
729 2103 942 2146 conciliare
977 2104 1051 2145 sibi
1083 2112 1235 2161 putant.
1307 2103 1457 2148 Verum
1487 2106 1660 2158 inscitia,

113 2182 215 2227 qnae
238 2175 447 2212 occaecata
472 2181 630 2226 semper
658 2176 741 2223 est,
782 2171 878 2213 baec
900 2172 1031 2214 omnia
1055 2173 1211 2216 miseris
1244 2173 1323 2216 illis
1345 2188 1439 2231 prae
1462 2174 1582 2216 animi
1608 2176 1664 2217 fa·

114 2244 181 2282 stu
210 2243 255 2280 et
278 2236 490 2280 insolentia
525 2238 656 2280 facere
693 2240 915 2295 persuadet.
975 2240 1038 2283 Ac
1073 2242 1175 2283 forte
1206 2250 1299 2285 ante
1326 2243 1480 2299 aliquod
1512 2250 1664 2299 tempus

113 2318 234 2350 nnn
257 2319 312 2349 ex
333 2305 409 2348 illis
433 2305 623 2348 aedificiis
649 2306 697 2348 de
728 2308 841 2350 coelo
865 2315 1008 2351 tactum
1040 2317 1126 2362 est,
1169 2310 1325 2353 ubinam
1349 2325 1447 2354 vero
1469 2311 1660 2367 gentium,

114 2373 263 2431 liquido
283 2374 455 2417 nondum
481 2381 660 2427 constat3
701 2382 819 2432 atque
842 2376 941 2419 baud
967 2378 1051 2420 scio
1076 2392 1126 2420 an
1149 2379 1188 2421 iu
1213 2377 1427 2422 Phoenicia
1450 2380 1664 2435 contigisse

114 2442 219 2487 istd
249 2442 457 2486 audierim.
529 2441 756 2498 Quinetiam
794 2445 969 2488 nonnulli
1001 2447 1253 2503 magistratus
1286 2448 1490 2503 religionis
1522 2448 1666 2490 ardore

113 2509 328 2568 “grantes
368 2511 673 2568 quamplurimos
711 2525 765 2555 ex
806 2513 882 2555 illis
920 2515 1171 2568 occiderunt3
1225 2530 1275 2558 eo
1312 2517 1414 2573 quod
1457 2516 1666 2558 veritatem

22 2595 26 2607 ²
115 2578 372 2624 daher-ndo
393 2587 717 2637 corrumperent,
760 2586 800 2622 et
821 2582 1012 2624 ecclesiae
1039 2597 1188 2626 morem
1219 2592 1473 2642 praepostera
1500 2585 1665 2640 quadam

114 2645 335 2692 imitatione
366 2649 558 2691 auderent
585 2648 834 2705 exprimere,
880 2664 967 2692 eum
1002 2664 1131 2708 neque
1164 2650 1381 2696 Christiani
1413 2652 1569 2695 interim
1604 2666 1667 2695 es-

23 2767 26 2768 ?
117 2723 231 2772 aaut,
272 2730 401 2774 neque
422 2715 656 2760 ludaeorum
681 2724 827 2760 sectam
855 2719 1148 2775 profiterentur.
1210 2719 1475 2778 Lupicianus,
1508 2722 1665 2779 opinor,

27 2802 30 2806 ’
118 2783 200 2829 ἆυ
220 2797 322 2829 anua
346 2798 400 2829 ex
422 2785 483 2828 bis
506 2786 597 2835 luit,
631 2787 695 2842 qui
722 2787 761 2828 in
786 2785 1041 2843 Euphemitas
1060 2788 1278 2832 istiusmodi
1301 2789 1470 2845 gentiles
1491 2790 1666 2833 animad-

120 2894 170 2941 a<
190 2917 236 2927 -—
259 2895 437 2945 ιῦφημῶν
463 2904 616 2943 tanquam
651 2903 762 2943 spuria
778 2904 871 2954 ‘unci-
918 2901 1032 2956 laudes
1062 2901 1160 2935 deum
1193 2902 1385 2948 placantes.
1420 2903 1548 2949 seipsos
1571 2904 1668 2939 deei-

120 2946 183 3036 ²
200 2989 338 3035 longum
366 2996 498 3037 tenpus
511 2949 687 3026 “lbetvgi‘iz
697 2946 873 3037 0⁴:3⁸3·ss
929 2949 1392 3039 :affirmatam-‘thaz
1407 2999 1436 3028 et
1455 2954 1670 3041 mm

199 3034 321 3070 doctos
339 3046 434 3078 snos,
470 3043 505 3071 et
527 3037 641 3071 laudea
658 3038 816 3083 quasdam
837 3038 871 3071 in
917 3038 1019 3081 τίων,
1054 3050 1116 3072 non
1148 3037 1426 3085 καταληγμάτια,
1464 3045 1499 3075 ut
1527 3043 1670 3085 affirmat

145 3090 219 3115 enm
240 3081 424 3121 facientes,
458 3082 549 3116 velut
572 3095 632 3128 per
654 3083 815 3118 lectiones
833 3095 872 3117 ac
918 3086 1067 3118 petavius
1089 3087 1122 3118 in
1143 3086 1261 3119 «τόπου.

193 3135 312 3174 corpu·
331 3135 511 3167 marmot.
530 3137 567 3166 n.
587 3138 614 3167 s.
1341 3147 1395 3189 30
