1976 3262
476 222 659 258 Psmnu
683 221 767 255 mn.
792 222 852 255 ιιι.
877 223 985 257 rom.
1007 224 1032 256 ι.
1059 223 1190 257 mun.
1212 222 1326 258 Lxx.
1619 212 1673 255 25

122 312 175 345 σο
199 300 331 344 hodo
368 314 446 358 quo
474 301 581 344 inest
607 301 647 343 in
678 314 727 343 eo
757 302 966 357 splendore
997 303 1061 359 qui
1094 302 1484 360 comprehensionem
1515 303 1676 346 excedit

123 375 297 413 uben.
342 368 470 411 'Haec
500 383 578 430 nos¹
605 383 691 426 pro>
711 369 862 412 viribus
896 371 1042 411 nostris
1070 372 1115 412 ad
1140 371 1200 412 dei
1228 371 1416 414 honorem
1444 377 1485 413 et
1506 371 1672 427 gloriam

122 436 290 482 banna·
310 436 451 494 l'mgtsi
469 430 768 494 disputavimus.
827 436 923 479 Non
958 438 1061 479 enim
1088 439 1164 480 alta
1187 453 1286 481 voce
1316 446 1384 481 aut
1412 452 1597 482 sermone
1619 438 1674 480 uti

120 511 347 563 postumus,
379 505 444 562 qui
467 504 520 548 sit
540 519 588 546 eo
616 504 880 562 praestantior
900 518 1013 561 quem
1039 506 1151 547 nobis
1173 508 1288 548 modo
1308 507 1474 563 quodam
1497 521 1544 549 ac
1565 521 1676 550 men-

121 580 215 616 sura
238 573 341 616 deus
357 572 554 626 attribuit,
588 573 740 614 tametsi
764 573 1028 629 praestantius
1049 574 1193 629 aliquid
1218 583 1348 616 mente
1373 576 1419 616 de
1442 576 1516 618 deo
1540 576 1674 618 conci·

121 642 291 700 piata-s.
351 639 502 683 Verum
523 647 707 696 quantum
735 648 868 682 nostra
894 654 1004 682 mens
1026 641 1154 696 capit,
1199 648 1346 683 tautum
1372 657 1417 683 os
1441 643 1569 699 eloqui
1594 657 1671 685 non

123 715 277 768 puteat,
323 709 426 766 quod
458 715 498 749 et
528 721 711 750 mensura
744 708 807 750 illa
831 716 1059 760 coercetur,
1104 716 1143 750 et
1175 710 1377 765 corporeis
1403 711 1673 752 instrumentis

121 777 279 821 afli-nt
318 783 492 819 tenetur.
570 774 767 831 Quocirca
813 776 1067 818 imbecillitati
1112 784 1273 819 nostrae
1314 778 1409 818 deus
1448 778 1671 833 indulgens,

121 845 241 903 qffan
260 844 418 902 deiipso
438 844 613 886 notitiam
640 844 893 900 adipiscimur
911 858 956 886 ac
977 844 1142 900 gloriam
1167 844 1394 896 deserimus,
1429 846 1542 901 aequi
1563 846 1674 887 boni-

121 912 402 972 (Recensum,
435 913 523 954 dum
542 912 647 954 illam
668 912 784 953 etiam
807 926 925 968 supra
946 913 1087 954 virium
1111 920 1333 954 nostrarum
1356 920 1508 969 captum
1533 922 1674 955 exten-

121 981 274 1034 ὕσας-ς
321 994 400 1023 nou
423 987 464 1023 ut
489 980 564 1022 ulla
589 981 627 1022 in
653 994 696 1021 re
723 981 798 1021 deo
821 981 1109 1034 gratificemur,
1154 981 1222 1022 sed
1245 987 1288 1022 ut
1310 981 1439 1032 illum,
1475 982 1599 1037 quoad
1621 982 1674 1023 si-

120 1051 212 1092 tu&
234 1048 279 1091 in
308 1048 424 1092 nuliis
456 1055 539 1100 est,
582 1048 697 1090 laude
723 1049 991 1102 celebremus3
1033 1056 1077 1090 ut
1104 1056 1143 1091 et
1164 1050 1211 1090 de
1233 1049 1298 1091 illo
1321 1047 1507 1104 religiose
1530 1049 1675 1090 sentia-

121 1128 233 1170 tur,
265 1116 371 1160 etat»
391 1115 478 1159 eius
501 1117 629 1172 gratia
654 1123 694 1157 et
719 1117 884 1158 veritate
907 1130 984 1158 non
1009 1117 1254 1159 excidamus.
1318 1117 1449 1173 Atque
1485 1116 1582 1158 haec
1607 1118 1675 1158 ad-

121 1191 265 1228 vene!
285 1184 457 1228 Andium
484 1184 768 1240 Audianosque
795 1184 1041 1242 disputantes
1074 1184 1228 1226 illorum
1260 1186 1442 1240 dogmata
1470 1185 1675 1242 proposui-

121 1259 232 1307 mus}
250 1266 351 1311 quae
372 1252 600 1310 simpliciori
623 1253 787 1308 quadam
805 1253 959 1295 ratione
977 1266 1023 1294 ac
1046 1252 1235 1309 pertinaci
1258 1251 1523 1295 contentionis
1545 1253 1674 1294 studio

121 1322 292 1380 ιιιήἰιοι·
317 1327 567 1365 asseverant.

132 1394 141 1413 ’-
235 1388 394 1432 nationi
430 1403 529 1431 vero
563 1396 604 1430 et
635 1389 710 1430 alia
749 1388 973 1445 complura,
1021 1388 1160 1444 quibus
1194 1388 1436 1445 potissimum
1479 1389 1669 1440 nituntur,
1698 1404 1857 1448 cmm,

120 1471 243 1515 aeque
276 1457 326 1500 ab
361 1457 555 1499 ecclesiae
586 1457 863 1498 coniunctione
893 1463 1177 1512 segregarunt,
1221 1457 1360 1512 quibus
1398 1464 1434 1499 et
1468 1457 1566 1498 alios
1595 1457 1676 1513 ple-

119 1539 284 1582 runque
315 1525 570 1567 conturbatos
605 1525 653 1566 ab
688 1526 824 1566 eadem
854 1525 1020 1566 ecclesia
1053 1525 1266 1574 divellunt,
1312 1525 1514 1580 utriusque
1554 1537 1676 1566 sexus

123 1593 322 1636 homines.
379 1591 487 1635 Nam
509 1607 596 1634 cum
629 1591 783 1634 ludaeis
804 1591 957 1634 Pascha
989 1593 1191 1634 celebrare
1217 1592 1374 1643 volunt,
1417 1592 1490 1633 hoc
1516 1599 1578 1634 est
1599 1607 1675 1648 quo

122 1669 300 1719 tempore
325 1659 458 1704 ludaei
487 1661 641 1718 Azyma
668 1675 738 1702 sua
766 1668 979 1715 peragunt,
1026 1669 1118 1702 tnnc
1156 1660 1210 1701 illi
1234 1658 1442 1701 Paschatis
1469 1660 1676 1701 celebrita-

119 1735 199 1772 tem
227 1729 399 1781 obeunt,
441 1736 484 1771 ut
516 1729 565 1770 ab
599 1728 769 1770 ecclesia
805 1729 1014 1769 dissentire
1050 1729 1272 1770 videantur.
1346 1726 1461 1782 Quod
1494 1728 1678 1770 videlicet

121 1798 213 1840 olim
240 1797 335 1841 baec
357 1797 396 1839 in
416 1797 584 1839 ecclesia
609 1797 852 1838 consuetudo
878 1803 1036 1852 recepta
1064 1796 1194 1837 suern.
1259 1795 1503 1851 Quamquam
1537 1795 1677 1836 nonni-

121 1865 176 1909 hil
197 1865 332 1908 bacin
358 1872 469 1922 parte
488 1865 798 1915 calumniantur,
833 1871 872 1905 et
891 1864 1173 1905 ecclesiasticis
1200 1864 1335 1905 falsam
1359 1864 1551 1905 rationem
1579 1863 1677 1904 obii-

121 1931 244 1975 ciust.
306 1934 345 1975 A
366 1931 643 1983 Constantini,
677 1932 879 1987 inquiunt,
915 1939 1113 1987 tempore,
1147 1939 1188 1973 ut
1211 1932 1459 1987 imperatoris
1484 1931 1675 1972 rationem

122 2000 322 2044 haberetis
339 2007 540 2058 paternam
564 2001 604 2041 iu
625 2000 862 2042 celebrando
884 2001 1068 2056 paschate
1093 2000 1416 2041 consuetudinem
1443 1999 1673 2054 reliquistis,

121 2069 303 2126 diemque
323 2068 610 2118 commutastis,
644 2075 685 2110 ut
709 2081 780 2109 vos
803 2068 849 2108 ad
875 2068 1125 2123 imperatoris
1149 2075 1283 2109 nutum
1307 2067 1673 2109 accommodaretis.

123 2135 292 2193 Quidam
328 2137 447 2179 etiam
483 2135 727 2192 pervicacius
762 2135 971 2186 deliciunt,
1017 2143 1082 2187 et,
1129 2133 1229 2178 Cum
1269 2135 1434 2186 natalis,
1479 2135 1674 2191 inquiunt,

123 2202 377 2248 Constantini
413 2204 705 2254 celebraretur,
751 2202 955 2245 Paschatis
986 2204 1178 2245 rationem
1213 2203 1463 2244 immutasti&
1528 2201 1676 2245 Verum

123 2272 158 2316 ai
179 2273 315 2315 eadem
338 2272 549 2328 quotannis
573 2272 636 2313 dic
663 2269 814 2312 Pascha
837 2279 1230 2328 repraesentaretur,
1264 2272 1302 2312 in
1329 2284 1453 2326 eaque
1472 2270 1676 2311 celebrau-

123 2341 214 2384 dum
243 2354 335 2383 esse
365 2340 572 2382 statuisset
607 2339 672 2381 illa
695 2339 871 2394 synodus
900 2353 921 2379 a
947 2338 1212 2381 Constantino
1240 2339 1429 2387 collecta,
1464 2338 1676 2393 probabilis

122 2409 287 2452 istorum
309 2415 416 2451 esset
437 2407 582 2449 oratio.
645 2406 763 2448 Nunc
794 2419 882 2448 cum
907 2407 1020 2448 annis
1048 2406 1211 2461 siugulis
1246 2421 1322 2448 non
1363 2407 1496 2447 eadem
1529 2413 1677 2460 tempo-

123 2490 210 2520 rum
234 2476 362 2520 series
395 2476 621 2533 putatioque
645 2474 903 2529 respondeat,
948 2475 1076 2516 inanis
1102 2482 1161 2516 est
1186 2475 1259 2515 ista
1280 2475 1395 2515 ratio.
1459 2472 1550 2514 Nou
1573 2473 1676 2514 enim

125 2544 176 2587 ab
198 2545 368 2587 natalem
397 2558 534 2594 suum,
566 2544 634 2584 sed
659 2543 705 2583 ad
731 2542 940 2583 ecclesiam
960 2542 1244 2583 conciliandam
1271 2542 1305 2582 ei
1332 2541 1388 2582 rei
1414 2541 1581 2582 studium
1607 2541 1677 2581 im-

124 2621 286 2670 perator
308 2612 497 2654 adhibuit.
559 2610 667 2653 Sane
694 2610 783 2651 illud
808 2610 1004 2651 latendum
1027 2611 1139 2651 nubis
1163 2617 1246 2659 est,
1280 2612 1356 2649 duo
1381 2609 1568 2663 quaedam
1596 2622 1678 2648 ma-

124 2679 231 2723 xima
269 2693 340 2737 per
372 2679 712 2734 religiosissimum
748 2692 794 2718 ac
836 2676 1086 2719 beatissimae
1128 2677 1340 2718 memoriae
1374 2675 1677 2717 Constantinum

123 2762 147 2790 a
173 2749 247 2790 deo
271 2760 361 2790 esse
396 2747 598 2804 praestita.
662 2744 840 2800 Quorum
866 2746 1029 2800 primum
1053 2747 1121 2787 tuit
1147 2752 1187 2785 ut
1218 2744 1470 2785 oecumenica
1502 2745 1677 2800 synodus

126 2815 403 2872 colligeretur,
445 2829 490 2856 ac
533 2814 621 2856 tidci
660 2827 810 2855 summa
841 2811 1018 2854 Nicacac
1057 2812 1252 2868 explicata
1284 2819 1594 2868 proponeretur,
1639 2819 1679 2852 et

170 2994 205 3030 3.
228 2992 295 3031 dna
319 2997 440 3030 volebat
464 2998 620 3030 Peteona.
919 2991 1127 3037 ἐντιθεῖσαν)
1151 2994 1222 3027 edil.
1249 2994 1358 3029 Petov.
1382 2991 1583 3028 ἑκταῦιῖσαν
1605 2994 1678 3026 nu-

171 3038 205 3075 4.
228 3039 426 3078 anteactam
436 3042 503 3087 (cd.
525 3042 629 3074 Coton.
648 3044 743 3083 repet.
766 3041 874 3073 vitioso
919 3040 973 3082 qut
998 3040 1079 3072 libri.
