2020 3276
182 1245 272 1290 Κεφ.
298 1242 337 1281 ε’.

182 2089 243 2119 pag
272 2080 349 2110 lm.

359 264 441 304 470
926 268 1092 304 8ΛΝοΤΙ
1114 270 1347 304 ΕΡῘΡΗΑΝΙῙ

357 346 518 405 γραφὴν
539 347 870 404 ἀπαγγέλλουσιν,
909 347 1058 403 ἀκμητί
1091 364 1131 390 τε
1160 349 1225 391 καὶ
1252 347 1412 399 ιἰόκνως
1433 347 1577 404 συχνάς
1602 352 1811 393 ποιοῦνται
1832 345 1905 398 τάς

360 416 604 472 ἀγρυπνίας,
633 420 749 459 τοῦτο
774 416 845 470 μὲν
869 417 911 459 ἐν
935 415 1086 471 εὐχαῖς,
1115 420 1231 460 τοῦτο
1258 417 1302 460 δὲ
1328 418 1371 460 ἐν
1387 419 1661 476 ψαλμφδίαις,
1701 418 1907 472 ἐνδελεχῶς

361 485 403 527 δὲ
434 483 505 534 τοὶς
525 482 767 534 συνελεύσεις
799 483 870 534 τάς
895 486 934 536 ἐξ
958 486 1083 535 ἔθους
1105 485 1309 539 ἐνθέσμως
1340 485 1590 541 τεταγμένας,
1629 484 1908 542 διημερεύουσί

360 570 401 595 τε
432 551 599 595 πάντοτε
628 550 699 602 τάς
737 552 1044 603 θάδιαλείπτους
1073 552 1174 596 κατά
1205 551 1400 608 διάστημα
1437 552 1545 610 ὥρας
1578 552 1647 604 τάς
1675 551 1792 610 εὐχάς
1821 557 1907 612 θεῷ

362 619 673 677 ἄκαταγνῶστως
703 619 800 675 μετά
830 621 1197 677 ταπεινοφροσύνης
1223 626 1369 675 πολλῆς
1402 622 1470 663 καὶ
1505 622 1680 679 οἰμωγῆς
1712 620 1908 666 ἐπιπόνου

366 693 486 748 7θεῷ
518 688 840 743 ἀναπέμποντες,
881 696 965 740 ταῖς
995 706 1034 733 τε
1057 692 1176 739 ίδίαις
1206 690 1356 744 χερσὶν,
1397 687 1452 739 ὥς
1481 691 1606 744 ἔφην,
1645 689 1907 748 ἐργαζόμενοι,

363 756 459 813 μετά
482 759 553 801 καὶ
577 762 649 812 τῆς
678 763 947 813 πνευματικῆς
981 760 1183 815 ἐργασίας·
1223 760 1289 801 ’ἵνα
1315 757 1370 812 μη
1397 760 1564 808 ἐπιδεεῖς
1591 759 1801 814 γένωνται,
1840 759 1910 801 καὶ

361 829 418 877 εἰς
436 825 665 883 ύποκρίσεις
686 823 946 882 ἀνθρωπίνας
969 828 1184 881 ἐμπέσωσι,
1224 827 1293 868 καὶ
1317 826 1451 869 οὐκέτι
1474 831 1529 885 τῷ
1551 824 1759 882 άσεβοῦντι
1788 824 1910 870 δυνά-

364 911 474 950 μενοι
494 893 542 937 τά
565 893 703 950 άληθῆ
724 896 868 951 λέγειν,
911 894 1002 938 οὔτε
1033 894 1146 945 ἐκτὸς
1168 893 1302 950 ῥύπου
1329 892 1430 937 εἶναι
1453 899 1534 938 τῶν
1556 893 1640 939 άπδ
1661 894 1820 945 ἀδικίας
1842 893 1911 937 ἂν·

362 963 546 1020 θροόπων
569 966 770 1007 πλουσίων
795 965 862 1006 καὶ
882 965 1222 1007 πλεονεκτούντων
1249 962 1344 1012 τούς
1368 964 1559 1018 πένητας,
1601 962 1692 1007 οῦτε
1721 961 1835 1014 ἐκτὸς
1852 977 1909 1006 σι·

362 1035 458 1076 τίων
488 1031 641 1075 τούτων
662 1034 862 1088 γίνεσθαι,
907 1031 961 1087 μή
989 1038 1008 1062 ⁸
1022 1030 1235 1086 δυνάμενοι
1257 1032 1302 1074 ἐκ
1325 1034 1491 1075 δικαίων
1514 1031 1652 1076 πόνων
1672 1029 1746 1087 τὴν
1764 1030 1912 1086 ἐφήμε-

365 1118 437 1158 ρον
466 1101 566 1156 ἔχειν
597 1099 775 1156 τροφὴν,
821 1099 901 1143 ἀλλ’
936 1099 1267 1157 ἀναγκαζόμενοι,
1310 1098 1376 1143 διά
1407 1098 1452 1143 τὸ
1484 1100 1613 1150 ἐνδεὲς
1642 1105 1715 1155 τῆς
1739 1099 1910 1157 ἇεργίας,

364 1170 558 1227 τραπέζης
587 1172 786 1211 πλουσίων
816 1170 994 1223 μετέχειν.

484 1236 560 1280 Διὸ
581 1238 832 1293 παραγγέλλει
853 1235 876 1280 ό
895 1243 1008 1287 θεῖος
1030 1236 1163 1294 λόγος,
1205 1235 1394 1290 φάσκων,
1438 1235 1517 1292 Μὴ
1544 1234 1734 1291 ἐπιθύμει
1755 1234 1914 1292 βρωμά-

364 1324 444 1351 των
465 1311 545 1349 τῶν
565 1310 785 1359 πλουσίων,
830 1311 953 1348 ταῦτα
984 1305 1059 1362 γάρ
1094 1307 1217 1360 ἔχεται
1252 1310 1354 1360 ζωῆς
1375 1308 1565 1359 ψευδοῦς.
1626 1305 1709 1348 Καὶ
1728 1304 1848 1348 πάλιν
1872 1306 1915 1349 ἐν

365 1374 467 1434 ἄλλῳ
486 1375 598 1433 τόπῳ
612 1409 622 1427 ,
653 1373 714 1417 ὅτι
734 1373 920 1436 τοιαύτας
947 1375 1024 1417 ἔδει
1045 1372 1373 1430 παρασκευάζειν,
1419 1375 1476 1416 Εἰ
1493 1374 1537 1417 δὲ
1558 1371 1847 1430 άπληστότερος
1865 1371 1914 1426 εί,

367 1443 422 1499 μὴ
442 1442 632 1497 ἐπιθύμει
662 1448 742 1486 τῶν
769 1443 896 1486 αὐτοῦ
921 1441 1156 1499 βρωμάτων.
1212 1440 1279 1484 Ἐν
1299 1441 1455 1492 τούτοις
1480 1440 1556 1499 γάρ
1581 1441 1856 1497 ἐδοξάσθησαν
1877 1443 1919 1485 οί

365 1515 504 1563 παῖδες
528 1514 570 1555 οἱ
590 1513 631 1555 ἐν
651 1516 699 1570 τῇ
727 1514 958 1566 Βαβυλῶνι,
997 1509 1264 1568 ἀρνησάμενοι
1294 1509 1488 1566 τράπεζαν
1514 1511 1724 1566 βασιλέως,
1764 1511 1834 1554 καὶ
1854 1511 1916 1553 αἱ·

366 1579 581 1638 ρησάμενοι
611 1582 831 1635 σπέρμασιν
866 1578 1098 1635 άρκεῖσθαι,
1141 1578 1170 1634 ἢ
1198 1580 1370 1638 τραπέζῃ
1400 1580 1467 1622 καὶ
1501 1578 1706 1636 βρώμασι,
1748 1577 1918 1634 χρήμασι

365 1651 434 1692 καὶ
459 1648 556 1708 δόξῃ
582 1647 894 1702 ἀποταξάμενοι,
935 1647 990 1698 αἷς
1016 1652 1202 1702 Μωϋσῆς
1235 1651 1379 1702 μᾶλλον
1411 1649 1531 1690 εἵλετο
1558 1652 1916 1703 συγκακουχεῖσθαι

367 1723 423 1777 τῷ
443 1722 524 1776 λαῷ
547 1723 618 1761 τοῦ
640 1721 742 1760 θεοῦ
766 1716 866 1773 ἤπερ
902 1716 1117 1760 ἀπολαύειν
1139 1721 1219 1759 τῶν
1243 1717 1286 1758 ἐν
1306 1714 1498 1774 Αἰγύπτῳ
1522 1718 1762 1771 θησαυρῶν,
1803 1715 1913 1772 ἐργα-

367 1785 528 1841 ζόμενος
551 1787 594 1829 δὲ
614 1788 733 1835 ίδίαις
752 1787 882 1842 χερσὶν
899 1787 1007 1840 ἔτυχε
1027 1787 1283 1841 προφητείας.
1347 1782 1574 1840 Προβάτων
1591 1781 1668 1840 γάρ
1693 1777 1812 1833 οὗτος
1828 1799 1915 1826 ποι-

368 1853 448 1909 μήν
472 1856 637 1908 κατέστη
651 1888 662 1906 ,
693 1853 717 1897 ὁ
739 1852 919 1911 εὐγενὴς,
948 1855 1017 1896 καὶ
1039 1852 1128 1903 υἰὸς
1151 1851 1354 1909 θυγατρός
1376 1852 1589 1906 βασιλέως,
1629 1853 1696 1894 ἵνα
1719 1849 1774 1906 μὴ
1793 1848 1917 1908 άργδν

369 1924 485 1982 ἐσθίῃ
506 1921 635 1979 άρτον.
691 1921 762 1972 Ὡς
782 1923 847 1965 καὶ
871 1921 1048 1964 διδάσκει
1070 1919 1094 1964 o‘
1117 1920 1247 1976 πατὴρ
1270 1918 1383 1975 ἡμῶν
1403 1918 1568 1975 Ἰακώβ,
1609 1920 1733 1976 λέγων
1753 1917 1915 1974 Λάβαν,

370 1990 455 2040 Δός
484 2008 554 2045 μοι
588 1992 796 2047 ἐργασίαν,
842 1992 908 2033 ἵνα
938 1989 1182 2046 ἐργάζωμαι,
1225 1993 1298 2032 τοῦ
1331 1991 1437 2031 ἰδίου
1471 1986 1606 2044 ἄρτου.
1678 1987 1758 2030 Καὶ
1795 1986 1918 2037 αὐτὸς

368 2058 486 2103 πάλιν
506 2062 731 2113 ποιμαίνειν
753 2060 1032 2114 προςτέτακται
1053 2056 1164 2113 παρά
1190 2062 1263 2100 τοῦ
1288 2059 1392 2100 ἰδίου
1414 2061 1634 2112 πενθεροῦ,
1673 2058 1742 2099 ἵνα
1762 2054 1819 2111 μὴ
1845 2054 1916 2111 άρ-

369 2127 442 2185 γὸν
471 2126 589 2184 ἄρτον
618 2129 807 2171 ἐσθίωσιν
839 2129 880 2169 οἱ
906 2129 1064 2170 δίκαιοι.
1131 2131 1223 2176 Τοῖς
1255 2126 1298 2169 δὲ
1328 2123 1568 2174 ἀποστόλοις
1599 2125 1752 2179 εἴρηται
1784 2122 1917 2180 άρκεῖ-

369 2203 469 2241 σθαι
492 2201 546 2255 τῷ
579 2195 709 2254 ιλόγῳ
733 2194 956 2251 κηρύττειν,
998 2197 1065 2238 ἵνα
1089 2193 1144 2250 μὴ
1166 2193 1402 2249 άσχολῶνται
1426 2192 1507 2236 άπὸ
1533 2191 1684 2243 πόλεως
1709 2195 1765 2243 εἰς
1785 2191 1915 2244 πόλιν,

369 2267 437 2309 καὶ
469 2264 549 2308 ἀπὸ
581 2263 708 2307 τόπου
739 2266 795 2314 εἰς
822 2263 968 2316 τόπον,
1010 2264 1075 2307 ἐπὶ
1098 2262 1142 2306 τὸ
1168 2263 1354 2320 κήρυγμα
1374 2261 1447 2317 τήν
1477 2264 1640 2318 πορείαν
1669 2260 1915 2316 ποιούμενοι.

359 2334 498 2386 ’Ἄξιος
525 2331 599 2389 γάρ
626 2329 649 2376 ό
675 2331 840 2389 ἐργάτης
865 2337 935 2376 τοῦ
967 2337 1117 2387 μισθοῦ
1149 2332 1296 2384 αὐτοῦ,
1336 2332 1428 2383 καὶ,
1468 2328 1653 2387 ’Λρκετόν
1678 2334 1734 2388 τῷ
1762 2330 1918 2386 ἐργαζο·

371 2404 477 2460 μένῳ
512 2400 540 2456 ἦ
563 2399 694 2458 τροφὴ
726 2400 863 2444 αὐτοῦ.
924 2402 1004 2443 Καὶ
1038 2407 1122 2450 τοῖς
1155 2418 1195 2443 τε
1218 2401 1399 2454 ποιμέσιν
1428 2397 1615 2449 αῗςαύτως
1641 2396 1710 2442 διά
1736 2396 1810 2452 τὴν
1838 2402 1919 2440 τῶν

370 2474 476 2514 λαῶν
497 2468 645 2526 συχνὴν
673 2468 856 2524 άσχολίαν
884 2471 953 2512 καὶ
975 2468 1048 2523 τὴν
1076 2466 1397 2523 ἐκκλησιαστικὴν
1431 2469 1625 2521 διοίκησιν
1648 2467 1716 2510 καὶ
1741 2467 1919 2520 ἐνδελεχῆ

372 2541 616 2596 λειτουργίαν
638 2539 762 2593 φησὶν
785 2536 809 2580 ὁ
829 2544 942 2587 θεῖος
962 2537 1098 2594 λόγος,
1147 2540 1216 2588 Τίς
1239 2539 1438 2591 ποιμαίνει
1459 2538 1652 2590 ποίμνην,
1692 2535 1760 2576 καὶ
1784 2535 1828 2577 ἐκ
1846 2538 1918 2577 τοῦ

373 2610 568 2666 γάλακτος
600 2605 725 2661 αὐτῆς
757 2604 831 2648 ούκ
870 2608 1018 2657 ἐσθίεις
1062 2605 1091 2661 ἢ
1117 2608 1176 2656 τίς
1216 2604 1377 2659 φυτεύει
1403 2604 1633 2658 ἀμπελῶνα,
1675 2603 1742 2646 καὶ
1776 2603 1820 2645 ἐκ
1845 2606 1917 2646 τοῦ

372 2681 532 2733 καρποῦ
553 2673 679 2718 αὐτοῦ
700 2673 750 2718 οῦ
771 2675 1074 2729 μεταλαμβάνεις
1136 2675 1239 2726 Καὶ,
1278 2674 1377 2728 φησὶ
1390 2706 1402 2726 ,
1430 2670 1501 2715 τὸν
1521 2675 1722 2714 κοπιῶντα
1743 2668 1919 2728 γεωργὸν

374 2747 435 2787 δεῖ
451 2748 609 2800 πρῶτον
633 2749 711 2787 τῶν
740 2747 907 2800 καρπῶν
930 2742 1259 2798 μεταλαμβάνειν,
1288 2744 1356 2784 ἵνα
1379 2739 1450 2784 τόν
1470 2738 1759 2795 πρεσβύτερον,
1799 2737 1826 2794 ἢ
1847 2737 1918 2782 τὸν

375 2814 592 2855 ἐπίσκοπον
615 2811 671 2867 μὴ
701 2811 979 2866 ἐλαττούμενον
1010 2816 1082 2866 τῆς
1104 2812 1307 2866 ἐφημέρου
1330 2812 1484 2865 τροφῆς
1505 2807 1778 2862 καταστήσειε,
1819 2824 1916 2864 προ-

375 2879 614 2935 τρεπόμενος
641 2879 762 2930 λαοῦς
791 2882 834 2923 ἐκ
867 2883 1033 2923 δικαίων
1056 2878 1192 2922 πόνων
1221 2880 1353 2932 νέμειν
1381 2875 1430 2918 τά
1449 2874 1552 2930 πρὸς
1573 2874 1730 2932 τροφὴν
1757 2881 1842 2925 τοῖς
1864 2876 1917 2918 ἴε·

420 3015 450 3049 6.
478 3015 706 3061 α’διαλῆπτους
728 3021 799 3051 libri
823 3028 937 3051 omnes.
1171 3018 1279 3050 tavius
1301 3015 1446 3048 cancellis
1467 3015 1599 3047 inclusit.

423 3061 454 3095 7.
478 3062 548 3107 2εῷ
561 3087 570 3105 ,
593 3066 676 3104 quod
694 3066 888 3105 superfluum
906 3065 1039 3104 videtur,
1065 3064 1124 3096 Pe·
1214 3062 1246 3096 8.
1272 3062 1358 3094 Libri
1379 3062 1473 3100 υιιίρο
1495 3058 1697 3115 δυναμένοις.
