2020 3276
378 195 460 237 608
640 207 642 209 ·
835 203 1053 238 monum
1078 204 1138 238 ΒΤ
1162 203 1463 240 commotum.

378 303 420 308 —
444 283 466 316 1.
484 282 539 316 20.
565 283 711 315 Venetus
730 280 840 315 firmat
862 282 1131 318 emendationem
1153 283 1303 318 Con-uarii
1323 283 1449 326 ἕωθεν,
1484 290 1519 318 ot
1539 283 1659 320 interit
1675 286 1736 322 καὶ
1755 291 1835 321 anto
1853 282 1927 323 ἆνε-

379 338 547 382 στάμενοι.
574 358 615 364 -
664 338 684 371 l.
703 338 755 372 21.
791 341 861 378 τοῖς
880 339 946 382 τῆς
969 341 1053 374 Ἴου.
1076 359 1121 366 ——
1165 341 1188 375 l.
1200 341 1254 375 22.
1287 337 1573 386 α’ναῦεματίζουσι
1597 340 1672 386 τρὶς
1698 343 1767 388 τῆς
1792 341 1927 389 ἡμέρας

377 393 566 439 φάσκοντες
590 397 674 429 Ἴου.
697 413 741 421 ·—-
788 395 809 428 1.
825 395 880 430 23.
908 395 997 438 Ναζ.
1044 397 1157 442 Δῆῦεν
1176 396 1241 443 γὰρ
1266 398 1349 431 Ἴου.
1381 417 1418 424 —-
1473 397 1496 431 l.
1510 398 1566 433 30.
1606 397 1757 446 βληχρὰν
1776 398 1839 437 καὶ
1867 396 1925 437 ὅδ.

376 450 600 496 ἐμποιητικῆν
625 446 728 486 Ἴου.’

467 509 574 555 ¹²⁸8·
591 509 694 547 242.
739 509 761 543 1.
780 511 812 544 5.
836 509 1002 556 κοσμῆση
1024 512 1107 545 Ἴου.
1124 530 1168 537 -
1214 510 1236 544 1.
1255 512 1304 545 15.
1330 509 1482 555 ἔμπνεον,
1504 523 1568 556 pro
1588 510 1752 559 ἔμπλεων,
1778 514 1864 548 Ἴου.
1879 531 1925 539 -

375 565 397 598 Ι.
414 566 465 599 18.
491 564 578 611 ἔχειν
597 564 636 602 τὸ
660 564 833 611 ἐπώνυμον
865 565 963 612 μόνον
985 563 1042 612 (οὗ
1062 566 1129 612 γὰρ
1152 566 1263 612 δήπου
1283 565 1347 611 τήν
1367 569 1438 603 κτλ.
1458 570 1542 603 Ἴου.
1566 588 1610 596 -
1655 569 1680 606 l.
1696 567 1752 606 24.
1777 566 1838 616 μὲν
1858 567 1924 615 γὰρ

375 617 422 658 ὧν
445 623 527 656 Ἴου.
547 642 590 649 -
637 623 657 656 Ι.
673 624 728 659 27.
754 619 828 659 κατ’
849 621 952 660 αὐτὸν
970 625 1052 658 Ἴου.
1078 644 1115 650 -
1164 624 1186 658 1.
1201 625 1255 659 33.
1280 624 1348 660 τῶν
1367 620 1543 661 Ἰουδαίων
1558 623 1599 662 οὗ
1614 627 1824 675 προοανέχειν
1840 627 1923 673 Ἴου.

374 699 417 705 -
440 679 463 712 l.
479 679 523 714 35
546 687 581 713 et
602 679 659 715 36.
683 680 793 714 verba
817 679 1018 717 ἐπιτελεῖται
1039 700 1060 707 -
1083 701 1105 706 -
1134 680 1373 725 διαπράττεται
1399 681 1520 716 absunt
1542 694 1563 716 a
1587 684 1671 718 Ἴου.

464 737 573 785 1²⁸3.
589 737 692 774 244.
737 737 759 771 Ι.
772 737 805 772 3.
829 734 994 784 Ἰάκωβον
1016 736 1074 774 διὰ
1092 736 1150 774 τόν
1169 735 1317 782 ἀδελφὸν
1337 739 1420 771 Ἴου.
1439 757 1484 765 —
1530 739 1552 773 1.
1565 738 1600 775 6.
1621 738 1756 787 Πίρεαν
1775 741 1861 775 Ἴου.
1879 758 1923 766 -

374 794 396 827 Ι.
411 794 442 829 7.
468 792 505 830 τὰ
531 795 696 838 πλεῖστον,
720 793 755 829 ἰν
775 794 893 840 Πέλλῃ
915 796 999 829 Ἴου.
1019 815 1062 821 -
1107 795 1129 828 1.
1147 796 1180 830 8.
1203 795 1270 838 τῆς
1287 794 1420 835 Βανέας
1437 797 1522 830 Ἴου.
1541 815 1589 823 -
1632 797 1657 833 1.
1673 799 1724 833 11.
1746 797 1814 842 τῆς
1829 796 1923 842 Καρ-

373 850 474 895 ναῒμ,
499 849 644 895 Καρνὰμ
667 850 727 886 καὶ
750 853 833 887 Ἴου.
857 871 899 878 ——
946 852 969 885 1.
991 850 1042 887 14.
1067 853 1205 898 Repone
1227 864 1268 885 ex
1289 853 1372 886 Ven.
1396 852 1596 898 Ναζαραῖοι.
1619 872 1662 880 -
1708 853 1732 888 1.
1747 854 1804 888 20.
1827 847 1925 893 οὗτος

375 906 393 944 ὁ
413 905 542 954 Ἐβίων
566 908 669 942 habet
700 908 801 942 etiam
824 911 908 943 Ἴου.
932 929 977 936 -
1026 909 1106 942 thid.
1141 908 1174 944 ἐν
1206 907 1259 953 (Ρ)
1283 909 1473 954 σπέρματος
1504 908 1679 956 ἀνάνδρως
1706 911 1766 947 τοῦ
1784 906 1923 956 Ἰωσὴφ

374 967 459 999 Ἴου.
483 985 527 992 -
572 965 593 998 l.
609 966 663 1000 25.
699 966 782 999 Ἴου.
818 965 1025 1010 Σαμψηνοῖς
1054 965 1114 1001 καὶ
1142 963 1325 1010 Ἐσσηνοῖς
1354 966 1467 1001 habet.
1488 985 1535 993 —
1578 967 1602 1002 l.
1617 966 1672 1003 29.
1704 963 1834 1005 ἄνωθεν
1863 965 1923 1013 μὲν

374 1020 476 1058 αὐτὸν
501 1018 583 1059 ὄντα
596 1049 606 1067 ,
635 1021 700 1067 πρὸ
723 1019 856 1058 πάντων
879 1021 918 1058 δὲ
941 1021 1043 1059 αιῗτόν
1067 1022 1247 1058 κτισθέντα
1271 1024 1355 1056 Ἴου.

465 1081 573 1127 Peg.
589 1080 692 1116 24⁰.
736 1079 759 1113 l.
777 1081 810 1114 5.
836 1081 916 1114 Post
937 1078 1107 1124 Κήρινθον
1127 1079 1236 1114 insere
1254 1079 1314 1115 καὶ
1335 1078 1510 1125 Μῆρινθον
1522 1107 1532 1126 ,
1557 1092 1643 1127 quae
1664 1081 1767 1117 verba
1789 1092 1844 1116 υιο
1864 1081 1922 1115 ἰυ-

373 1137 443 1172 vito
466 1137 669 1171 exciderunt.
717 1138 845 1170 Desunt
880 1136 980 1170 etiam
1012 1137 1046 1170 in
1070 1144 1209 1182 utraque
1243 1137 1324 1171 edit.
1350 1138 1463 1172 Petav.
1489 1157 1528 1164 -
1577 1139 1600 1172 l.
1621 1137 1674 1174 16-
1697 1139 1838 1186 Repone
1853 1131 1922 1173 Ἦν

370 1195 412 1231 δέ
434 1207 484 1235 τις
506 1193 543 1236 ἐξ
564 1191 685 1230 αὐτῶν.
710 1213 752 1220 -
799 1193 885 1228 Ibid.
904 1196 989 1228 Ἴου.
1015 1194 1118 1228 habet
1136 1190 1340 1238 Ἰώσηππος.
1366 1214 1406 1220 —-
1454 1195 1476 1228 1.
1495 1195 1545 1230 18.
1569 1195 1632 1232 τοῦ
1650 1194 1817 1242 βασιλέως
1837 1195 1921 1229 Ven-

372 1271 414 1279 —
438 1252 462 1285 l.
477 1250 531 1286 24.
568 1254 604 1285 Ιυ
626 1251 700 1285 cod.
728 1252 806 1284 Ἴου.
837 1251 986 1296 margine
1007 1258 1169 1286 annotata
1198 1251 1353 1296 leguntur
1374 1251 1477 1286 haec:
1509 1251 1583 1288 Καὶ
1601 1251 1636 1288 ἐν
1654 1256 1726 1293 τοῖς
1743 1247 1922 1291 Ἰουδαίοις

370 1306 550 1345 ἀπόστολοι
570 1307 758 1344 ἐκαλοῦντο.
781 1327 826 1334 -
871 1308 893 1343 1.
916 1309 970 1343 30.
987 1304 1119 1344 Ἔσται
1140 1306 1179 1344 δὲ
1201 1309 1420 1354 διανοηῦῆναι
1450 1307 1499 1349 ὥς
1520 1309 1580 1345 καὶ
1607 1305 1703 1346 ἄλλοι
1724 1304 1785 1351 οὓς
1806 1308 1922 1345 ἔθεντο

373 1368 456 1401 Ἴου.
480 1386 524 1392 -
571 1366 593 1400 1.
611 1365 643 1400 4.
666 1365 708 1399 ab
733 1365 831 1400 infer.
856 1364 922 1411 γὰρ
946 1364 1002 1401 τὸν
1026 1365 1204 1402 ἐπίσκοπον
1233 1364 1291 1402 διά
1315 1366 1375 1401 τοῦ
1399 1367 1483 1401 Ἴου.

460 1425 568 1471 Peg.
586 1423 690 1460 248.
734 1422 757 1456 1.
772 1423 803 1457 3.
830 1419 1015 1466 ἐγνώκασιν
1038 1424 1122 1457 Veu.
1148 1443 1189 1448 -
1235 1423 1257 1456 l.
1282 1424 1319 1457 11
1342 1430 1377 1456 et
1398 1423 1447 1458 1¹2.
1473 1422 1669 1468 Βαρκέλλας
1687 1422 1839 1465 πόλεως,
1865 1419 1917 1463 οἷς

370 1479 453 1525 ἑξορ.
480 1482 563 1514 Ἴου.
587 1499 631 1506 -
676 1480 699 1514 l.
716 1481 765 1514 15.
789 1477 865 1515 κατ’
886 1477 998 1515 αὐτῶν
1018 1482 1103 1514 Ἴου.
1128 1499 1168 1506 --
1216 1481 1241 1512 1.
1258 1480 1303 1514 25
1319 1487 1354 1513 et
1369 1479 1424 1515 26.
1448 1478 1551 1525 κόμις
1567 1473 1614 1526 ἦν
1632 1482 1718 1515 Ἴου.
1737 1499 1781 1508 -
1825 1479 1848 1514 l.
1862 1479 1919 1517 27.

371 1538 445 1574 ἐπεὶ
466 1535 529 1574 οὐκ
552 1533 592 1574 ἂν
615 1535 671 1573 ὖπ.
697 1532 760 1572 κᾶν
783 1536 817 1572 ἐν
836 1549 865 1572 τ.
888 1549 922 1572 π.
946 1535 1124 1583 διατριβὴν
1147 1538 1231 1570 Ἴου.
1255 1556 1300 1563 -
1344 1537 1367 1571 l.
1383 1537 1415 1572 6.
1438 1537 1481 1571 ab
1502 1537 1611 1572 infer.-
1636 1533 1676 1578 ὃς
1693 1533 1773 1574 οὔτε
1792 1534 1921 1582 ἐτόλμα

371 1597 455 1628 Ἴου.
482 1615 522 1621 -
570 1594 653 1628 lbid.
682 1594 764 1628 Dele
795 1594 854 1629 καὶ
873 1601 952 1627 ante
974 1593 1149 1639 κρυφαίως
1172 1606 1213 1627 ex
1235 1594 1435 1628 auctoritate
1455 1593 1598 1635 veneti,
1631 1594 1688 1640 qni
1710 1593 1814 1629 lubet
1833 1589 1920 1630 ἀλλὰ

370 1652 533 1698 κρυφίως.
556 1671 599 1678 -
645 1652 668 1685 Ι.
693 1650 727 1687 4.
757 1651 800 1686 ab
827 1651 927 1686 inser.
964 1650 1059 1696 οἶμαι
1080 1649 1120 1687 δὲ
1146 1648 1237 1697 τάχα
1267 1646 1323 1686 ὅτι
1352 1653 1438 1686 Ἴου.
1465 1671 1504 1676 -
1553 1651 1578 1685 1.
1599 1651 1633 1687 3.
1664 1651 1708 1686 ab
1735 1650 1834 1687 inf«.
1866 1647 1921 1695 μή

370 1721 443 1750 πως
467 1712 548 1743 Ἴου.

460 1768 568 1814 ¹⁵⁸3·
581 1768 685 1805 250.
730 1767 754 1800 1.
770 1767 798 1801 1.
824 1765 1002 1802 ἐπίσκοπον
1020 1763 1123 1802 αὐτὸν
1142 1766 1353 1809 καταστῆναι
1366 1766 1450 1799 Ἴου.
1468 1785 1511 1792 -
1557 1765 1581 1800 1.
1594 1766 1627 1800 2.
1651 1765 1823 1810 συνῆφθαι
1841 1766 1918 1801 διυ-

369 1824 451 1870 τέρᾳ
472 1825 518 1870 τῇ
540 1826 624 1858 Ἴου.
650 1844 691 1851 -
739 1824 762 1857 l.
782 1821 814 1858 4.
853 1823 990 1868 Corrige
1014 1821 1093 1859 ὑπὸ.
1117 1842 1158 1849 —-
1205 1822 1227 1856 l.
1243 1821 1276 1856 9.
1311 1821 1385 1858 Καὶ
1410 1820 1476 1867 γὰρ
1508 1821 1568 1858 καὶ
1596 1821 1737 1869 χρυσίου
1768 1823 1850 1856 Ἴου.
1873 1839 1918 1848 -

370 1881 391 1915 l.
412 1882 451 1915 10
477 1889 511 1914 et
538 1882 591 1916 11.
626 1885 746 1928 χεῖρα,
781 1880 891 1926 φημὶ,
924 1880 1079 1917 ἐπέδωκε
1106 1882 1193 1915 Ἴου.
1218 1898 1260 1905 —
1306 1879 1330 1913 l.
1345 1881 1401 1915 21.
1423 1879 1546 1926 χειροὶν
1568 1878 1621 1924 (7)
1641 1875 1745 1915 αὐτὸν
1765 1879 1850 1913 Ἴου.
1871 1897 1918 1906 —-

370 1936 392 1971 1.
405 1938 460 1973 27.
485 1932 587 1982 ηὗρεν
613 1942 696 1973 Ἴου.
723 1957 763 1964 -
809 1938 832 1971 l.
848 1938 904 1972 30.
937 1935 1068 1982 ἠύρατο
1097 1938 1180 1971 Ἴου.
1206 1956 1245 1962 -—-
1293 1937 1317 1970 1.
1331 1936 1387 1971 31.
1421 1937 1561 1982 Repone
1583 1948 1624 1970 a
1657 1937 1792 1970 Veneto
1813 1932 1918 1981 Πρό-

371 1994 448 2036 ξεις,
474 1991 513 2030 οὗ
536 1994 605 2039 μὴν
625 1992 709 2031 ἀλλὰ
732 1994 791 2030 καὶ
807 1993 846 2030 τὸ
867 1993 956 2030 κατὰ
975 1995 1150 2030 Ματὲαῖον
1170 1990 1361 2039 εὐαγγέλιον
1378 1991 1564 2039 Ἑβραῖκόν
1583 1990 1687 2038 φύσει
1705 1987 1756 2038 ὃν,
1777 1991 1821 2029 ἐκ
1840 1989 1918 2029 τού·-

368 2063 445 2087 των.
469 2071 511 2078 -
557 2052 581 2085 l.
595 2053 627 2086 5.
653 2052 696 2086 ab
717 2053 779 2086 inf.
814 2051 1048 2096 καταληφθεὶς
1078 2053 1173 2093 Bas„
1209 2051 1291 2085 vitio
1318 2062 1386 2084 nou
1417 2051 1565 2085 insolito.
1586 2069 1631 2079 -
1675 2051 1714 2084 In
1745 2061 1821 2085 voc.
1849 2042 1916 2086 ν’πὸ

370 2108 507 2142 restitue
528 2109 690 2154 spiritum.
712 2129 751 2134 —
800 2109 822 2142 l.
845 2109 905 2143 ult.
931 2108 983 2144 Ad
1003 2109 1105 2142 verba
1127 2106 1220 2153 οἶμαι
1241 2106 1376 2148 Ἰούδας
1397 2108 1552 2153 leguntur
1570 2107 1607 2142 in
1627 2107 1704 2142 cod.
1726 2108 1810 2141 Ἴου.
1831 2107 1917 2141 haec

369 2166 404 2199 in
426 2177 530 2211 marg.
549 2173 728 2200 annotata:
752 2162 821 2201 Ἐκ
840 2163 961 2202 τούτου
981 2164 1122 2202 δυνατὸν
1139 2167 1252 2212 λαβεῖν
1271 2164 1354 2202 πότε
1373 2165 1423 2212 τῷ
1446 2162 1536 2211 οἱγίῳ
1553 2162 1747 2212 Ἐπιφιινίφ
1764 2161 1813 2201 τὰ
1829 2161 1916 2200 κατὰ

371 2223 533 2268 αἱρέσεων
555 2221 710 2269 συνήχθη
722 2248 731 2263 ,
767 2223 802 2258 εἴ
819 2235 860 2267 γε
881 2221 938 2258 τὸν
959 2218 1020 2268 μὲν
1039 2220 1208 2267 Ἰώσηπον
1232 2222 1267 2259 ἐν
1287 2223 1338 2269 τῷ
1359 2221 1447 2258 κατὰ
1467 2221 1650 2258 Κωπαντὶ
1670 2221 1752 2268 (εἰσ)
1770 2219 1916 2266 διωγμῷ

369 2278 432 2324 τήν
451 2280 528 2326 περὶ
549 2281 608 2316 τοῦ
629 2277 834 2326 πατριάρχου
854 2280 1001 2325 ἱστορίαν
1023 2281 1113 2325 λέγει
1136 2277 1239 2316 adrev
1263 2277 1464 2325 ἀναδέσῦαι,
1491 2276 1593 2316 αὐτὸν
1613 2278 1653 2316 δὲ
1671 2276 1731 2316 διὰ
1750 2276 1810 2314 τόν
1830 2274 1916 2324 χρό-

370 2348 422 2373 νον
448 2337 614 2380 ἐξεκείνου
635 2339 867 2382 παραδραμεῖν
891 2334 955 2373 οὐκ
979 2337 1066 2384 ἔχειν
1089 2334 1241 2384 ἀκριβῶς
1261 2337 1305 2373 τὰ
1329 2335 1482 2382 ὀνόματα
1504 2336 1734 2382 μνημονεύειν.

460 2395 684 2442 ruffina
728 2394 753 2427 1.
769 2396 800 2429 δ.
835 2392 1002 2440 παρῄνουν
1032 2392 1156 2435 αὐτοῖς.
1203 2392 1246 2429 Ὁ
1277 2394 1317 2431 δὲ
1341 2395 1463 2440 μᾶλλον
1485 2396 1568 2428 Ἴου.
1593 2413 1639 2420 -
1682 2393 1708 2428 l.
1725 2393 1779 2428 11.
1802 2392 1853 2434 εἰς
1871 2391 1916 2429 τὰ

369 2451 470 2497 δάρα,
495 2452 544 2492 εἰς
569 2454 651 2487 Ἴου.
671 2471 713 2477 -—-
759 2452 782 2485 l.
802 2452 851 2487 17.
878 2450 1057 2498 ἐτύγχανεν
1081 2454 1164 2486 Ven.
1185 2471 1227 2478 -
1274 2452 1297 2486 1.
1312 2453 1372 2487 25.·
1389 2450 1475 2497 πρὸς
1496 2449 1560 2496 τὴν
1579 2454 1721 2496 γυναῖκα
1741 2449 1802 2487 καὶ
1819 2449 1916 2495 θῶρα

370 2512 453 2543 Ἴου.
478 2529 521 2535 -
567 2510 589 2544 1.
603 2509 657 2544 31.
683 2504 827 2554 ”Ayoucn
849 2507 913 2554 γὰρ
937 2511 1022 2543 Ἴου.
1049 2529 1091 2535 -
1138 2509 1222 2543 Ibid.
1255 2508 1485 2554 πλησιετέροις
1503 2510 1589 2542 Ἴου.
1610 2527 1656 2535 -
1699 2505 1773 2542 1.4.
1789 2507 1833 2541 ab
1852 2506 1914 2540 inf.

369 2565 607 2612 ἐπιορκισμοῦς
630 2568 711 2600 Ἴου.
735 2586 779 2592 -
826 2566 848 2599 1.
868 2566 994 2612 penult.
1018 2567 1127 2602 ταῦτα
1147 2567 1243 2600 abest
1263 2579 1284 2600 a
1303 2568 1386 2601 Ἴου.
1412 2585 1454 2593 -
1501 2565 1523 2600 1.
1545 2565 1605 2600 ult.
1625 2561 1813 2611 πρεσβύτου
1827 2564 1915 2598 Ἴου.

459 2623 686 2672 Pas-254.
729 2624 796 2659 1.1.
832 2622 1028 2668 ταλανῆσας
1059 2625 1142 2657 Ἴου.
1166 2642 1212 2651 -
1263 2622 1331 2658 1.9.
1366 2620 1530 2669 ἀμυδρῶς
1550 2623 1637 2656 Ἴου.
1658 2639 1703 2649 -
1746 2621 1840 2656 Lu.
1870 2618 1915 2656 τὰ

370 2677 456 2717 ἄλλα
478 2693 544 2715 om.
567 2683 652 2715 Ἴου.
672 2701 718 2707 —-
763 2681 786 2716 Ι.
805 2681 854 2715 12.
889 2681 950 2716 καὶ
975 2679 1214 2726 ἐμαμῆξαντες
1246 2681 1306 2716 καὶ
1332 2693 1363 2716 κ.
1397 2682 1481 2715 Ἴου.
1505 2699 1550 2707 -
1593 2678 1688 2714 1.23.
1723 2689 1783 2718 σου
1804 2680 1915 2723 γονεῖς

371 2739 452 2772 Ven.
477 2759 519 2766 —-
568 2739 590 2772 Ι.
605 2739 660 2773 25.
697 2737 879 2782 ἰαθήσεται
901 2740 984 2772 Ven.
1008 2758 1054 2764 —
1099 2738 1121 2772 1.
1135 2738 1188 2773 26.
1226 2738 1472 2784 σκληραυχενίᾳ
1500 2743 1613 2770 tuetur
1642 2734 1743 2769 eti-m
1761 2735 1845 2770 Ἴου.
1868 2753 1914 2762 -

370 2794 393 2827 1.
405 2795 461 2829 28.
483 2793 560 2839 παρ’
582 2793 697 2836 αὐτοῖς
718 2798 800 2830 Ἴου.
837 2795 935 2838 Quod
956 2795 1186 2842 reponendum
1206 2802 1266 2829 est.
1289 2814 1329 2820 —
1374 2795 1465 2829 l.29.
1487 2805 1539 2834 τις
1555 2788 1751 2839 πρεσβύτης
1768 2793 1913 2827 Ἴου.-

371 2850 394 2883 1.
408 2851 463 2885 31.
490 2852 625 2897 corrige
649 2853 897 2899 γεγεννημένον.
921 2872 964 2880 —
1010 2853 1031 2887 l.
1047 2850 1079 2887 4.
1102 2853 1145 2887 ab
1168 2853 1265 2887 infer.
1290 2849 1356 2889 ιίπό
1381 2849 1481 2889 ἄλλον
1504 2852 1588 2885 Ἴου.

460 2909 566 2956 Ρος.
586 2911 687 2947 258.
731 2910 754 2943 1.
775 2911 804 2945 1.
832 2906 945 2955 ὄρινήν
965 2911 1047 2944 Ἴου.
1073 2929 1118 2937 -
1162 2910 1185 2944 l.
1200 2911 1232 2945 3.
1269 2907 1504 2954 Θαυμάζοντος
1526 2906 1567 2943 δέ
1588 2919 1652 2951 μου
1674 2906 1735 2942 καὶ
1756 2905 1912 2952 ἐρωτᾶν-
1975 2920 2012 2954 γς’

371 2974 428 3003 τος
447 2963 508 3008 τὴν
531 2966 614 2999 Ἴου.
639 2986 682 2991 -
729 2967 752 3002 1.
771 2967 823 3001 10.
849 2965 964 3013 νόσσῳ
986 2968 1068 3000 Ἴου.
1115 2969 1167 3000 Ita
1189 2967 1256 3001 hoc
1273 2966 1390 3001 vocab.
1410 2965 1605 3010 plerumque
1625 2964 1785 3008 scn'ptun
1798 2969 1856 2998 αἱ
1874 2962 1911 2997 in

372 3030 414 3053 οο
441 3019 537 3054 libro.
562 3040 605 3047 —
662 3022 746 3056 Ibid.
781 3024 970 3070 πρεσβύτου
1003 3025 1088 3058 Ἴου.
1113 3042 1158 3049 -
1202 3024 1224 3057 l.
1245 3023 1297 3058 18.
1330 3021 1525 3058 ἐπικαλέσαι
1558 3032 1602 3066 με
1630 3018 1729 3067 κάγώ
1759 3022 1847 3055 Ἴου.
1865 3036 1910 3047 -

372 3075 396 3110 1.
413 3075 467 3111 19.
500 3078 630 3122 περιείη
661 3080 746 3113 Ἴου.
770 3098 813 3106 -
858 3080 882 3113 l.
898 3081 954 3116 23.
987 3078 1026 3116 τό
1063 3076 1155 3125 ὕδωρ
1187 3091 1263 3114 cnm
1292 3079 1398 3115 Vatic.
1429 3078 1531 3112 habet
1563 3078 1664 3112 etiam
1696 3079 1780 3114 Ἴου.
1826 3079 1922 3134 180·ιρ
