2020 3276
438 206 618 242 ramuli
642 206 727 240 mn.
754 206 811 239 m.
836 205 943 240 Tou.
965 206 992 239 1.
1018 205 1150 239 men.
1171 203 1332 238 Lxxw.
1559 193 1641 235 325

100 285 519 342 mandentum,
565 287 669 329 aeris
691 299 919 336 mensuras,
964 285 1193 327 coelestium
1219 283 1370 326 orbium
1406 283 1571 324 sormam
1596 295 1644 323 ac

95 354 427 407 &tufi-cm,
470 354 663 410 quoduam
689 368 880 396 summum
917 367 1060 409 supra,
1105 353 1205 408 quod
1238 352 1339 393 inl'ra
1371 350 1423 392 sit
1453 351 1642 402 infimum,

95 422 193 481 fid
222 423 500 470 addextmm
529 423 605 475 sit,
648 423 736 478 quid
769 422 816 463 ad
842 422 1060 464 sinistram.
1120 422 1184 463 Ad
1206 421 1303 462 haec
1333 426 1552 462 creatarum
1581 432 1645 461 re—

90 502 184 536 π·
198 493 410 544 εἰώθει,
443 491 575 548 tuique
595 491 696 533 adeo
717 490 956 533 molitionem
979 490 1178 546 explices,
1211 495 1290 530 tum
1313 502 1448 530 eorum
1471 486 1643 529 omnium

91 561 540 616 *nodosque
561 573 661 616 quae
684 559 803 601 terris
824 559 972 601 infinita
994 558 1261 600 continentur.
1325 555 1435 598 Haec
1459 570 1546 598 cum
1568 555 1644 598 illis

92 627 354 681 mr,
388 635 435 671 vut
464 628 513 670 ab
546 628 650 671 illius
681 627 942 670 sectatoribus
963 627 1099 668 audire
1125 625 1308 676 memini,
1352 625 1399 666 ad
1430 624 1645 679 sophistica

88 696 284 755 wan
315 703 536 739 commenta
567 696 915 752 cavillationesque
948 709 1039 737 sese
1075 700 1335 745 convertunt,
1380 701 1420 734 et
1450 707 1504 734 ex
1539 692 1644 734 illius

88 765 340 824 μακε-ἥρω
360 765 415 808 ita
437 765 698 822 respondent.
733 763 843 806 Haec
865 764 997 806 omnia
1023 776 1213 819 corporea
1239 769 1351 813 sunt,
1385 775 1459 802 nec
1484 775 1507 803 a
1530 760 1645 802 nobis

87 833 254 892 §tupi
273 840 455 890 possunt.
529 832 656 876 Deum
688 846 810 884 vero,
851 832 917 888 qui
955 832 1051 874 baec
1083 833 1166 888 ipsa
1200 829 1396 881 condidit,
1438 829 1644 870 manifeste

92 901 313 949 ,Παιδί
330 901 400 954 sit,
431 915 561 958 quove
581 902 713 953 modo,
746 915 793 943 ac
816 901 959 958 qualis,
991 900 1131 956 quisve
1152 900 1205 941 sit
1225 897 1493 953 intelligimus.
1541 895 1643 952 Quis

91 969 310 1015 hane
338 970 422 1012 risu
452 970 576 1027 possit
609 970 773 1012 audire?
830 968 907 1011 Est
936 969 1039 1011 enim
1069 969 1185 1023 longe
1212 967 1304 1010 illud
1331 980 1427 1009 sane
1457 965 1644 1007 stultissi-

92 1036 470 1086 maenianum
491 1038 625 1091 illum,
666 1046 706 1080 et
729 1037 1073 1094 incomparabilem
1095 1037 1297 1093 opificem,
1336 1035 1400 1091 qui
1427 1034 1533 1076 nullo
1557 1047 1643 1076 ser·

93 1107 436 1151 ‘doaz-declarari
466 1114 619 1164 potest,
658 1107 762 1148 scire
791 1120 836 1148 se
866 1114 983 1162 atque
1010 1110 1195 1148 accurate
1218 1104 1443 1161 percepisse
1467 1101 1643 1159 profiteri

92 1175 400 1233 (mutinam
420 1176 494 1217 lide
512 1176 650 1217 saltem
671 1175 779 1217 illum
799 1174 924 1231 ipsum
946 1174 1051 1216 scire
1074 1187 1135 1226 sc,
1167 1188 1244 1215 non
1268 1173 1376 1214 velut
1395 1178 1643 1213 contrectare

93 1243 273 1287 ..nibus
294 1243 514 1287 incredibili
542 1243 707 1285 audacia
728 1243 1070 1300 praedicarentl),
1115 1242 1271 1283 iuterim
1297 1255 1394 1283 vero
1417 1247 1571 1282 creatas
1593 1238 1643 1280 ab

91 1312 386 1369 inec-parabili
405 1312 472 1354 illo
494 1326 560 1354 res
582 1326 736 1362 omnes,
768 1325 869 1367 quae
888 1311 928 1352 iu
950 1326 1022 1353 sua
1045 1324 1198 1367 quaque
1217 1309 1349 1365 specie
1369 1309 1643 1350 consideratae

90 1383 337 1439 epotatorcs
359 1380 467 1437 ipsos
488 1381 549 1423 sui
568 1380 609 1422 in
631 1379 927 1422 admirationem
951 1379 1108 1421 trabere
1131 1385 1319 1435 possunt,
1363 1390 1509 1432 negare
1534 1377 1641 1418 illum

91 1449 285 1494 cunm-'c
304 1463 327 1492 a
351 1463 398 1492 se
420 1449 624 1505 cognosci.
685 1447 926 1491 Praesertim
958 1463 1046 1490 cum
1081 1448 1222 1502 ubique
1254 1459 1393 1488 sacrae
1425 1446 1563 1487 literae
1594 1445 1642 1487 dc

90 1517 406 1570 &catastam-ir,
438 1531 565 1574 neque
587 1517 712 1560 oculis
731 1517 856 1574 ipsum
881 1517 1054 1573 percipi,
1089 1529 1214 1571 neque
1233 1514 1535 1571 comprehendi,
1569 1527 1642 1555 nec

87 1586 223 1634 ani-c
250 1586 416 1644 cogitari
449 1601 591 1643 posse,
634 1587 704 1628 sed
736 1586 774 1627 id
797 1599 916 1627 unum
947 1586 994 1626 de
1026 1584 1093 1626 illo
1119 1598 1173 1626 ex
1199 1584 1256 1626 rei
1282 1584 1451 1625 veritate
1477 1581 1639 1639 percipi,

90 1657 201 1709 Μ
222 1658 299 1705 eit,
330 1657 502 1710 quodque
528 1657 730 1708 diligentes
756 1669 798 1695 se
825 1662 1100 1695 remuneretur.
1648 1657 1833 1696 chr.11,fl.

202 1721 256 1767 V.
319 1721 399 1766 lam
431 1737 527 1765 vero
563 1723 717 1779 quoties
747 1736 883 1764 eorum
907 1722 1071 1778 aliquis,
1117 1721 1180 1777 qui
1205 1721 1253 1762 de
1279 1720 1340 1762 dei
1365 1719 1515 1776 gloria,
1548 1719 1639 1770 lide,

88 1791 269 1844 mittha,
299 1798 342 1834 et
358 1790 741 1847 incomprehensibili
765 1797 905 1833 natura
930 1797 1040 1832 recte
1061 1790 1252 1841 sentiunt,
1285 1789 1359 1830 hoc
1379 1789 1457 1830 illis
1479 1787 1638 1830 obiicitz

88 1857 287 1904 Nuda-0
322 1859 755 1916 incomprehensibilem
800 1860 936 1911 deum,
983 1859 1047 1915 qui
1091 1872 1165 1900 nec
1204 1858 1329 1900 oculis
1371 1857 1522 1908 videri,
1565 1870 1639 1898 nec

89 1926 281 1984 affidari
302 1940 487 1970 acrmouc
518 1935 670 1985 potest,
703 1942 791 1970 eum
817 1941 913 1979 nos,
955 1929 1131 1983 inquam,
1163 1940 1305 1968 revera
1341 1925 1634 1981 cognoscimus,

88 1994 161 2039 ced
192 2008 267 2038 acc
290 1996 570 2053 aspectabilem
600 2004 641 2038 et
665 1996 1100 2052 incomprehensibilem
1127 2009 1217 2037 esse
1244 1996 1416 2045 scimus,
1462 1994 1511 2036 ad
1541 1994 1638 2035 baec

91 2076 222 2107 novae
242 2064 320 2106 iste
345 2063 572 2107 dialecticae
598 2065 835 2107 architectus
862 2065 1058 2107 illudendo
1089 2078 1136 2106 ac
1157 2063 1370 2105 deridendo
1398 2062 1505 2104 velut
1530 2062 1639 2104 labu-

89 2131 168 2174 la-
187 2131 379 2188 quantlam
412 2132 632 2174 contexuit.
692 2130 860 2175 Cuinam
889 2146 987 2188 ergo
1011 2147 1084 2174 vos
1115 2138 1365 2187 vestramque
1388 2131 1503 2173 l'idem
1531 2130 1638 2172 simi-

87 2199 188 2253 lc·‚
219 2199 367 2257 inquit,
398 2213 489 2241 esse
511 2200 707 2242 dixerim?
764 2199 960 2243 Nimirum
987 2201 1174 2253 vitiatae,
1206 2215 1252 2242 ac
1278 2213 1443 2252 caecae,
1474 2199 1634 2250 surdae,

88 2274 296 2325 mutaeque
322 2269 491 2324 virgini,
524 2268 586 2311 cui
608 2269 762 2324 quidem
786 2269 956 2311 oblatum
982 2282 1073 2311 esse
1093 2276 1267 2325 stuprum
1291 2269 1356 2325 qui
1379 2282 1465 2310 eam
1492 2273 1637 2308 norunt

87 2350 228 2380 macc
249 2336 486 2393 intelligunt.
547 2336 604 2378 At
622 2336 656 2379 si
680 2336 766 2392 quis
787 2336 851 2379 ille
871 2337 1032 2379 vitiator
1060 2337 1178 2379 fuerit
1199 2337 1446 2392 interroges,
1491 2349 1637 2391 nequa·

89 2417 206 2462 φα.
226 2405 379 2458 audiat3
421 2418 548 2461 neque
570 2410 638 2446 aut
664 2403 769 2446 illum
794 2412 953 2461 propter
977 2405 1205 2447 caecitatem
1229 2405 1365 2447 videre
1393 2405 1538 2460 potuit,
1570 2409 1638 2445 aut

86 2472 288 2525 iudicare,
320 2473 422 2530 quod
447 2479 551 2515 muta
575 2473 649 2524 sit,
682 2479 827 2529 potest.
887 2470 1034 2515 Merito
1055 2473 1175 2529 igitur
1204 2473 1244 2515 in
1275 2474 1399 2529 ipsum
1431 2472 1841 2529 ipsiusqncrutnmr.

87 2553 312 2586 monem
343 2541 435 2584 illud
458 2555 481 2583 e
501 2542 695 2598 scriptura
733 2547 963 2597 retorquere
998 2541 1112 2584 licet:
1146 2544 1397 2583 Convertamr
1422 2542 1531 2581 labor
1555 2544 1636 2582 eius

86 2611 129 2652 ἡ
145 2617 261 2665 capue
276 2612 419 2664 ἱρείας
450 2618 489 2651 et
511 2612 653 2651 ιἰιείάει
674 2613 713 2651 in
732 2611 879 2663 soom
898 2623 1008 2663 quam
1028 2611 1141 2662 feeit,
1185 2624 1231 2652 ac
1257 2615 1390 2651 cetera
1420 2609 1457 2650 id
1488 2622 1631 2663 genus.

89 2674 168 2721 Bia
190 2677 294 2720 enim
318 2679 425 2721 caeci
458 2678 596 2721 similis
620 2685 707 2729 est,
750 2678 813 2733 qui
840 2691 927 2719 cum
959 2691 1006 2719 ea
1040 2678 1260 2720 calamitate
1294 2685 1408 2719 natus
1438 2677 1632 2733 loquatur,

89 2746 296 2803 audiatque
319 2760 433 2803 quam
458 2747 638 2804 plurima.
700 2747 762 2788 Ac
784 2745 875 2788 licet
898 2744 991 2798 albi,
1023 2759 1068 2787 ac
1092 2746 1211 2801 nigri,
1245 2746 1434 2798 caerulei,
1467 2745 1632 2802 prasini,

86 2813 189 2867 rufi,
229 2827 277 2857 ac
302 2822 523 2858 ceterorum
557 2829 580 2857 a
611 2829 654 2859 se
685 2813 988 2871 discrepantium
1017 2814 1217 2867 colorum,
1260 2827 1334 2856 nec
1361 2828 1439 2856 nou
1471 2821 1512 2856 et
1536 2814 1635 2857 locis

131 2949 188 2986 2⁰.
210 2949 271 2986 nat
299 2960 359 2986 σοι.
378 2954 413 2986 ni
429 2954 502 2987 edit.
526 2954 634 2988 Petov.
661 2955 765 2988 Coton.
787 2962 835 2986 n-
901 2950 983 3031 wss‘il.
1006 2949 1191 2995 ‹93st
1220 2951 1310 2985 ouda.
1333 2960 1406 2987 mss.
1453 2951 1634 2998 φθαίροντα

884 3007 900 3032 s
962 3021 969 3029 .

131 3040 188 3077 21.
210 3042 369 3083 παταπιῑς
390 3045 460 3078 eod.
491 3044 622 3086 Rhodio.
931 3042 985 3077 23.
1010 3039 1210 3086 ἐπιστρέψαι
1231 3044 1303 3077 mm
1325 3052 1439 3078 cmm
