2020 3276
404 205 586 241 numu
610 205 695 239 mn.
722 205 781 238 ιιι.
804 204 914 239 rom.
937 205 962 238 1.
989 204 1121 238 nnn.
1144 203 1304 238 Lxxw.
1532 191 1618 235 239

73 280 170 330 dne
189 284 271 329 ullo
299 285 380 328 fine
409 285 636 341 dignitatem
667 297 776 327 suam
811 284 986 337 obtinet,
1033 283 1175 327 nnllam
1207 282 1257 325 ob
1294 282 1408 326 aliam
1439 295 1618 325 caussam

72 358 197 412 qh·-
209 355 312 411 qnod
333 367 405 411 per
417 367 509 396 sese
531 354 628 395 deus
647 367 693 395 ac
710 366 782 410 per
798 366 890 394 sese
905 352 1168 408 sempiternus
1183 359 1259 403 est,
1287 351 1407 407 igitur
1427 358 1468 393 et
1487 349 1620 407 genita

72 420 232 466 ”bolen
249 421 596 465 consubstantialis
618 421 717 472 erit,
757 435 844 462 cum
870 419 1130 462 indesinentis
1152 420 1223 461 abs
1247 427 1286 461 te
1308 434 1451 461 nomen
1471 418 1528 461 itti
1551 417 1621 460 tri-

71 489 238 545 butu-3
269 490 590 547 quemadmodum
613 489 750 531 callide
771 503 818 530 ac
849 489 1089 530 veteratorie
1122 488 1203 528 ΓιΙίο
1229 488 1458 544 gratificans
1482 487 1621 544 proba—

71 557 271 603 bilitaerde
289 557 376 602 eins
401 565 542 600 natura
563 556 785 614 disputasti.
833 554 957 599 Dabis
981 556 1054 598 boc
1079 555 1214 611 igitur,
1248 556 1311 597 vel
1332 556 1479 598 invitus
1500 562 1545 597 ιιι
1563 554 1623 597 in-

69 625 226 671 finit·-
242 624 335 670 illud
358 634 398 670 et
419 626 812 683 incomprehensibile
835 639 976 667 nomen
995 624 1254 666 indesinentis
1276 624 1434 666 omnino
1454 625 1619 666 fateare.

71 694 140 739 A·
155 708 236 738 non
258 694 378 752 igitur
397 694 742 737 consubstantialis
765 694 867 736 erit?
897 692 1068 749 Quando
1089 691 1144 734 ita
1170 692 1291 734 iocari
1313 693 1422 734 visus
1446 706 1505 745 es,
1532 693 1621 734 dum

69 761 268 843 ξυστίδας.
295 763 556 822 appellatione
579 762 736 805 veritati
762 762 926 804 illudere
950 769 1115 803 conatus
1147 775 1217 813 es,
1259 761 1314 803 ita
1337 767 1466 802 tamen
1492 767 1533 802 ut
1556 760 1621 803 illa

70 844 175 890 ῃο,
205 831 346 888 quibu·
369 845 464 874 usus
488 845 558 883 es,
592 839 629 873 te
655 831 777 873 verba
797 831 1050 886 redarguant.
1111 829 1195 871 Aut
1213 828 1317 870 enim
1337 829 1450 870 linem
1475 829 1619 871 habere

71 905 225 944 m
247 899 356 944 illum
386 914 500 957 quem
524 914 595 956 per
616 914 806 942 summam
839 898 1115 941 contumeliam
1145 896 1366 939 substantia
1396 897 1621 953 discrepare

41 990 48 1001 ·
73 968 266 1021 niniati,
297 976 389 1022 ant,
419 969 453 1011 si
474 983 670 1024 nunquam
701 968 882 1010 desinere
906 967 1080 1019 sentias,
1122 966 1287 1008 eundem
1314 965 1418 1008 nulla
1438 980 1491 1008 ex
1511 973 1622 1021 parte

73 1043 293 1090 m,
333 1043 403 1080 ant
433 1037 631 1079 diversum
654 1036 703 1079 ab
728 1036 987 1078 indesinentis
1009 1034 1113 1077 illius
1136 1035 1326 1090 dignitate
1356 1033 1530 1091 profiteri
1556 1047 1622 1075 co·

74 1104 201 1162 gotia.
255 1102 402 1162 Neque
425 1105 529 1147 enim
554 1105 703 1147 veritas
733 1105 879 1160 patitur
902 1104 958 1146 uti
989 1104 1091 1146 lilius
1117 1103 1233 1145 linem
1269 1117 1438 1159 unquam
1471 1101 1622 1144 babitu·

74 1173 431 1218 unexisti-etur.
494 1175 675 1226 Quonim
699 1177 815 1227 regni
831 1176 972 1227 ἱρεῖαι,
1015 1173 1070 1214 ait
1103 1172 1323 1228 scriptura,
1368 1186 1443 1212 non
1467 1174 1545 1211 erit
1561 1172 1621 1224 fi-

74 1244 160 1293 nab,-
189 1255 241 1285 σο
263 1242 366 1298 qnod
389 1255 477 1284 cum
505 1251 615 1298 patre
637 1255 683 1283 ac
706 1241 847 1298 spiritu
871 1247 1010 1283 sancto
1032 1247 1222 1297 perpetuo
1245 1247 1402 1296 regnat.
1463 1237 1622 1280 Etenim

71 1308 256 1367 quiequid
287 1309 439 1352 initium
476 1309 613 1362 babet,
663 1310 778 1351 linem
810 1309 926 1351 etiam
965 1308 1147 1360 habebit,
1191 1309 1225 1350 si
1252 1309 1289 1350 ei
1318 1307 1476 1350 libuerit
1498 1307 1563 1364 qni
1587 1307 1622 1349 ei

72 1376 177 1436 qnod
196 1377 350 1421 initium
384 1378 529 1420 babere
553 1378 695 1420 dicitur
716 1386 758 1420 ut
781 1385 890 1420 esset
911 1377 1060 1420 tribuit.
1122 1375 1237 1432 Quod
1269 1376 1422 1433 quidem
1449 1391 1536 1418 cum
1559 1389 1625 1418 ce-

72 1446 173 1491 bris
194 1446 234 1489 in
259 1446 378 1490 rebus
402 1460 539 1488 verum
563 1447 637 1498 sit,
681 1446 757 1488 dici
781 1447 830 1488 de
857 1446 935 1488 lilio
957 1461 1035 1488 non
1066 1453 1210 1502 potest.
1272 1444 1349 1487 Est
1374 1446 1477 1489 enim
1501 1447 1550 1489 ab
1575 1461 1624 1489 eo

71 1527 233 1573 anper
251 1514 318 1571 qni
340 1521 424 1566 est,
457 1522 497 1557 et
518 1515 617 1572 apud
642 1516 832 1566 eundem,
869 1529 942 1557 nec
966 1529 1135 1571 unquam
1158 1528 1247 1557 esse
1270 1514 1428 1557 desinit.
1489 1513 1624 1570 Quare

70 1588 116 1627 ot
149 1582 496 1627 consubtantialis
531 1591 640 1635 erat,
686 1591 727 1625 et
758 1590 840 1635 est,
882 1583 1035 1640 eritque
1069 1590 1280 1640 perpetuo,
1327 1584 1436 1626 solus
1467 1598 1490 1626 e
1519 1585 1622 1636 solo,

72 1664 151 1697 noe
172 1651 253 1695 nlla
283 1651 326 1695 in
348 1666 392 1694 re
416 1651 464 1694 ab
486 1651 590 1694 illius
621 1652 843 1694 substantia
877 1652 1075 1694 diversus.
1138 1650 1219 1694 Sed
1247 1666 1317 1709 pro
1343 1653 1541 1695 nominum
1565 1653 1623 1694 di-

71 1719 225 1776 gum
246 1720 432 1763 divinitas
457 1721 496 1762 in
520 1720 724 1763 identitate
751 1728 1007 1776 perseverat,
1054 1735 1132 1762 non
1165 1720 1242 1762 ulla
1275 1722 1507 1763 confusione
1533 1735 1624 1764 coa-

71 1787 251 1842 lescens,
284 1802 412 1846 neque
435 1788 510 1831 sibi
530 1788 627 1846 ipsi,
662 1788 770 1831 velut
789 1789 1019 1846 principium
1045 1789 1254 1845 quoddam,
1288 1796 1331 1831 ut
1354 1789 1406 1831 sit
1428 1789 1621 1842 tribuens,

71 1869 204 1914 noque
235 1855 443 1914 quiequam
477 1858 538 1900 sui
572 1857 759 1899 dissimile
792 1858 830 1899 in
855 1857 1024 1913 seipsam
1062 1857 1287 1900 admittens.
1349 1855 1462 1913 Quae
1494 1866 1533 1900 et
1563 1868 1624 1901 est

69 1937 255 1983 uapor,
298 1931 341 1968 et
361 1939 452 1968 ease
474 1940 671 1982 nunquam
698 1925 864 1978 desiuit,
908 1926 983 1968 sibi
1005 1926 1078 1983 ipsi
1103 1926 1368 1978 conveniens,
1416 1927 1454 1968 in
1482 1927 1625 1984 sempi-

72 1999 188 2036 terna
218 1993 410 2050 dignitate
430 1994 552 2051 patris
576 1995 624 2036 ad
642 1995 785 2046 lilium,
824 1994 892 2036 lilii
911 1995 959 2036 ad
980 2002 1152 2051 patrem,
1201 1995 1328 2038 saneti
1351 1995 1512 2052 spiritus
1535 2011 1623 2038 cum

72 2067 212 2120 pabo,
256 2069 298 2105 et
317 2061 400 2105 lilio
428 2062 515 2104 sine
543 2062 621 2105 nlla
653 2063 940 2119 interruptione
965 2064 1204 2106 consistens.
1264 2062 1409 2120 Neque
1432 2063 1536 2107 enim
1559 2078 1624 2107 se-

69 2142 164 2176 ·-
185 2130 270 2189 ipaa
293 2130 511 2188 comparari
539 2130 694 2174 trinitas
723 2137 876 2188 potest,
920 2145 1021 2188 qnae
1046 2146 1201 2175 omnem
1234 2132 1432 2189 dignitatis
1464 2133 1625 2176 divisio·

70 2211 168 2262 ’.μ
196 2199 367 2257 respuit.

66 2288 70 2296 ·
186 2266 297 2312 Aotii
321 2265 453 2324 Caput
473 2265 527 2309 V.
570 2266 615 2310 Si
636 2266 834 2325 ingenitus
855 2268 1074 2312 substantia
1094 2270 1191 2313 deus
1212 2277 1296 2323 est,
1329 2270 1430 2327 quod
1449 2269 1622 2326 genitum

71 2342 139 2381 ut
161 2350 241 2380 non
264 2336 520 2380 distractione
552 2336 715 2392 quadam
745 2337 986 2381 substantiae
1016 2339 1190 2395 genitum
1223 2346 1306 2391 est,
1348 2340 1418 2381 sed
1451 2338 1499 2379 ab
1531 2337 1623 2380 sub—

74 2404 247 2459 stantia,
289 2419 311 2447 a
333 2419 407 2462 qua
434 2405 660 2461 productum
686 2412 772 2456 est,
817 2407 1006 2449 manavit.
1067 2405 1221 2464 Quippe
1252 2407 1415 2449 eandem
1442 2406 1623 2449 substan—

77 2473 172 2516 tiam
200 2474 373 2530 genitam
406 2472 523 2515 simul
553 2479 593 2515 et
622 2473 836 2530 ingenitam
866 2487 956 2518 ease
987 2475 1093 2518 nulla
1121 2490 1208 2518 cum
1240 2475 1384 2533 pietate
1414 2474 1623 2517 coniuncta

76 2542 181 2586 ntio
210 2541 368 2600 patitur.

190 2608 356 2655 consui.
381 2609 435 2653 V.
468 2608 765 2667 Saepenumero
786 2611 883 2653 baec
902 2611 1064 2667 ingeniti
1077 2611 1278 2668 genitique
1297 2611 1487 2654 vocabula
1509 2611 1623 2655 nobis

75 2677 306 2731 obtrnaiati,
346 2678 408 2721 dei
432 2692 574 2721 nomen
599 2678 817 2721 insolenter
836 2679 1040 2733 iactitans,
1072 2694 1159 2722 eum
1182 2680 1222 2722 iu
1258 2680 1361 2721 omni
1382 2693 1530 2735 genere
1552 2680 1623 2723 im·

78 2746 283 2804 probitatis
304 2747 570 2805 consepultam
593 2755 761 2790 mentem
782 2747 943 2790 habeas.
976 2745 1029 2789 Et
1048 2748 1201 2804 quidem
1223 2746 1315 2790 illud
1334 2748 1522 2805 indigenti
1541 2749 1623 2792 cui-

77 2858 179 2895 fiem
198 2871 314 2895 eornm
334 2860 390 2907 qni
413 2872 432 2895 a
451 2867 488 2895 ιε
506 2860 710 2906 blasphemia
732 2859 829 2905 petiti
873 2863 974 2903 princ.

77 2912 214 2947 *μ’
192 2905 332 2940 veuittd
335 2906 827 2940 vemmmeutiamtnbenut.
918 2903 1623 2944 ammonites-immutante.

124 2949 833 2994 Ίποῦρηωιίνσεωιιιιιιινοᾳικιῶνο
878 2953 986 2985 Petov.
1014 2953 1237 3007 coemam,

77 3003 155 3031 nn.
917 2999 966 3030 to.
992 2995 1175 3042 συναλιφῆν
1158 2999 1621 3043 Mendai-iactatam

124 3043 158 3076 8-
199 3041 450 3088 numme
485 3044 576 3078 codd.
610 3052 685 3077 mss.
718 3046 748 3076 at
779 3043 826 3076 «t.
875 3042 1020 3088 (ubtqm)
1044 3040 1245 3088 συναλοιφὴν
1267 3046 1340 3079 edu.
1362 3046 1473 3080 Petne.

1675 1190 1722 1210 uc.
1742 1184 1768 1218 1,

1785 1184 1827 1213 33.
