2020 3276
890 702 927 758 S
947 700 999 758 Y
1020 703 1066 760 L
1088 702 1134 758 L
1156 701 1207 760 Ο
1232 702 1283 759 G
1304 702 1352 760 E
1521 760 1523 762 ,

537 814 979 867 ΑΒΒΕΝΒΟΒΠΜ
1012 816 1096 866 ΕΤ
1135 815 1702 869 CORRIGENDORUH.

802 919 917 953 TOM1
950 918 1122 952 PRIORIS
1156 918 1267 951 PARS
1302 919 1443 954 PRIOR.

437 1054 544 1102 Pag.
560 1056 599 1091 2.
645 1054 703 1087 lin.
721 1055 756 1089 2.
782 1054 918 1099 Coi-rige
937 1054 1097 1102 δευτέρῳ.
1123 1074 1165 1080 -
1211 1053 1234 1088 l.
1249 1052 1281 1089 4.
1305 1054 1358 1089 ed.
1373 1068 1423 1101 pr.
1441 1057 1539 1092 Basil.
1559 1058 1676 1102 (quum
1693 1057 1771 1093 inde
1794 1069 1897 1105 usque

347 1111 541 1156 simpliciter
564 1123 625 1156 per
650 1112 740 1145 Bas.
765 1112 999 1156 compendIum
1022 1111 1230 1156 significabo,
1253 1112 1340 1145 sicut
1365 1113 1440 1148 cod.
1462 1115 1626 1148 venetum
1648 1126 1711 1160 per
1733 1126 1898 1162 compen-

348 1168 439 1201 dium
457 1168 578 1212 Ven.)
610 1168 713 1202 habet
743 1168 991 1213 Παλαιστηνόν.
1017 1188 1056 1195 -
1105 1169 1128 1202 Ι.
1157 1170 1190 1205 7.
1223 1170 1308 1203 Ven.
1345 1170 1593 1212 Κωνσταντίας.
1616 1191 1662 1199 -
1705 1171 1730 1206 l.
1751 1179 1896 1219 antepo-

347 1225 430 1259 nult.
451 1226 534 1259 Ven.
559 1223 881 1270 προκυλινδούμενοι.
906 1245 949 1252 ——
995 1226 1018 1260 1.
1030 1223 1063 1259 6.
1089 1238 1151 1271 pro
1173 1222 1226 1262 ὅτι
1245 1225 1280 1262 ἐν
1300 1226 1354 1260 ed.
1368 1229 1481 1261 Petav.
1505 1228 1624 1264 colon.
1642 1240 1818 1274 perperam
1836 1230 1897 1266 ha-

347 1282 406 1315 bet
430 1280 461 1317 οἳ
478 1280 512 1317 ἐν
537 1294 701 1317 excusum.
726 1302 770 1308 —
815 1282 839 1318 l.
855 1281 910 1317 24.
935 1284 1000 1318 Pro
1025 1282 1266 1328 δεδωρημένην
1288 1283 1323 1317 in
1346 1285 1430 1319 ven.
1454 1290 1552 1319 antea
1574 1285 1736 1331 scriptum
1757 1286 1897 1332 legeba-

347 1345 403 1372 tur
425 1338 627 1383 διδωμένην.

438 1395 545 1442 Pag.
564 1398 605 1432 6.
650 1396 673 1430 l.
688 1396 721 1431 8.
747 1396 899 1435 Restitue
917 1393 1083 1443 ὖπόβασιν
1104 1408 1144 1430 ex
1175 1397 1279 1438 Vem,
1311 1409 1374 1443 pro
1394 1395 1578 1444 ιῖπόφασιν.
1601 1419 1642 1426 -
1698 1399 1722 1434 l.
1736 1399 1770 1435 9.
1793 1412 1897 1447 χαρα-

347 1453 446 1497 κτῆρι
465 1452 668 1498 κεχρημένοι
685 1454 770 1487 ven.
795 1473 840 1480 -
885 1454 908 1488 1.
926 1454 976 1489 13.
1001 1451 1101 1494 ὄντας
1115 1454 1201 1488 ven.
1221 1473 1261 1480 -
1307 1454 1330 1488 1.
1351 1455 1403 1491 17.
1424 1456 1535 1489 Verba
1555 1454 1615 1491 καὶ
1635 1456 1898 1502 Βηριοδηκτικὸν

346 1509 466 1543 absunt
495 1522 516 1543 a
547 1511 631 1544 Ven.
653 1529 699 1537 —
754 1511 778 1545 1.
795 1511 850 1546 23.
884 1512 1022 1556 Repone
1058 1511 1220 1555 αἱρέσεων
1252 1519 1331 1545 aute
1362 1508 1646 1557 οἷποκαλυφδεῖσα
1675 1525 1716 1548 α
1746 1515 1828 1549 Vm.
1851 1533 1898 1542 —

347 1566 369 1600 l.
384 1566 438 1600 25.
456 1567 524 1602 τῶν
544 1574 622 1600 ante
642 1565 699 1603 τὸν
720 1567 815 1601 abest
836 1581 855 1601 a
877 1569 963 1603 Ven.
990 1587 1032 1594 —
1077 1568 1101 1601 1.
1116 1568 1243 1613 penult.
1262 1580 1390 1614 repone
1409 1566 1492 1614 ὖπὲρ
1513 1581 1575 1614 pro
1594 1569 1685 1615 περὶ,
1707 1582 1749 1605 αι
1768 1578 1896 1609 auctor.

347 1623 488 1663 Veneti3
514 1621 596 1668 ὖπὲρ
621 1623 743 1668 legitur
766 1624 867 1658 etiam
890 1625 924 1658 in
948 1625 1243 1670 Anacephalaeosi.

438 1681 546 1727 Pag.
565 1682 607 1717 8.
652 1681 676 1714 1.
691 1681 723 1715 2.
751 1681 833 1715 Dele
858 1693 931 1715 voc.
955 1678 1085 1726 Ἰησοῦ,
1109 1693 1172 1727 pro
1197 1693 1264 1727 quo
1287 1682 1321 1715 in
1344 1682 1587 1728 antiquioribus
1609 1683 1708 1717 editis
1731 1683 1780 1724 εἰς
1801 1679 1834 1726 3,
1857 1697 1898 1720 ex

346 1737 546 1771 auctoritate
566 1738 697 1771 Veneti.
723 1757 766 1764 -
811 1738 833 1772 1.
854 1738 886 1773 3.
911 1738 971 1774 καὶ
988 1737 1172 1785 σεβάσμιον
1191 1739 1272 1773 ven.
1301 1757 1340 1764 —
1386 1738 1409 1772 l.
1426 1739 1460 1774 7.
1487 1739 1554 1773 Pro
1574 1737 1794 1785 ἐπισκήπτειν
1814 1742 1899 1777 ven.

347 1794 450 1827 habet
469 1793 690 1830 έπισκόπτειν.
719 1814 759 1820 -
795 1795 816 1828 l.
839 1796 891 1830 12.
915 1795 1079 1839 δείξωμεν
1093 1796 1176 1829 ven.
1190 1814 1236 1821 —
1270 1795 1293 1829 l.
1309 1795 1366 1830 25.
1390 1794 1604 1841 Πυθαγόριοι
1622 1797 1708 1831 ven.
1731 1816 1773 1824 —
1806 1797 1898 1837 1-26.

347 1847 562 1896 Ἀριστοτέλη
590 1853 674 1885 Ven.
699 1870 742 1878 —
789 1852 813 1885 l.
829 1852 885 1887 27.
907 1850 1118 1896 Ἐπικούριοι
1138 1853 1225 1886 Ven.
1248 1871 1292 1877 —
1338 1851 1360 1886 l.
1376 1852 1432 1887 28.
1456 1851 1643 1897 Γοροῦηνοὶ
1666 1853 1788 1900 ubique
1809 1854 1899 1900 legi-

347 1915 404 1941 tur
425 1915 593 1941 exaratum
611 1908 646 1941 in
664 1910 748 1943 Ven.
775 1929 816 1935 —
862 1909 885 1943 l.
898 1909 954 1944 31.
978 1907 1036 1946 διὰ
1057 1907 1189 1955 Δαβὶδ,
1222 1908 1282 1943 τοῦ
1305 1906 1566 1954 βασιλεύσαντος
1587 1911 1684 1954 ven„
1707 1922 1793 1957 quae
1811 1912 1898 1950 occi-

347 1972 444 2009 ptura
471 1972 630 2010 praestat.
679 1965 833 2000 Ceterum
867 1977 993 2011 repone
1029 1977 1158 1999 comma
1187 1971 1266 1999 ante
1297 1964 1364 2001 διὰ.
1389 1985 1434 1992 -
1478 1966 1502 2000 l.
1527 1966 1654 2011 penult.
1684 1968 1812 2003 Vomb.
1838 1969 1898 2006 τοῦ

347 2028 427 2055 ante
449 2018 667 2066 Ἰουδαῖσμοῦ
687 2022 783 2056 abest
806 2035 825 2056 a
852 2024 934 2056 Ven.

437 2079 545 2125 Peg.
565 2079 637 2115 10.
679 2078 703 2112 l.
724 2081 751 2113 1.
773 2076 1086 2125 Ἡμεροβατιτισταί
1105 2080 1190 2112 Ven.
1214 2098 1258 2105 —
1304 2079 1328 2112 1.
1346 2080 1379 2115 8.
1404 2076 1478 2116 ἀλλ’
1505 2077 1582 2126 οὐχὶ
1603 2081 1688 2116 ven.
1710 2100 1754 2108 —
1798 2082 1822 2117 1.
1843 2083 1896 2118 13.

347 2134 561 2181 Βαρβηλιδαί
585 2135 668 2169 ven.
689 2155 734 2161 —
779 2136 803 2170 l.
822 2136 874 2171 16.
897 2134 1171 2180 Ἐπιφάνηςααὶ
1197 2134 1391 2180 Ἡσίδωρος
1414 2138 1499 2170 Veu.
1539 2139 1590 2171 De
1616 2137 1796 2183 Epiphauin
1826 2139 1899 2175 sive

347 2191 525 2236 Epiphanii
560 2192 694 2226 nomine
717 2204 749 2225 v.
772 2194 797 2226 1.
818 2194 854 2226 B.
878 2193 1022 2226 Coteler.
1047 2194 1195 2227 Menum.
1219 2193 1309 2227 Eccl.
1335 2194 1394 2227 Gr.
1413 2196 1437 2235 1,
1461 2205 1495 2238 p.
1508 2191 1587 2228 768.
1610 2213 1656 2221 —
1711 2195 1736 2232 l.
1751 2195 1807 2230 20.
1830 2197 1898 2231 Re-

346 2259 434 2294 pone
469 2260 509 2282 ex
542 2249 743 2282 auctoritate
766 2250 851 2283 Ven.
887 2257 1139 2295 ceterorumque
1173 2250 1333 2284 librorum
1368 2250 1590 2295 Μαρκίωνες,
1625 2251 1718 2297 quod
1748 2252 1899 2288 similiter

346 2305 473 2339 dictum
496 2305 628 2339 videtur
650 2313 686 2339 ut
709 2302 922 2342 Ουάλεντῖνοι
949 2307 1071 2352 passim
1094 2318 1157 2352 pro
1181 2305 1467 2352 Οὖαλεντινιανοί,
1502 2307 1656 2345 Ναυᾶτοι
1689 2319 1752 2354 pro
1775 2308 1898 2346 Ναυα-

348 2362 470 2405 τιανοί,
505 2369 539 2396 et
567 2362 632 2396 alia
668 2363 739 2396 eius
761 2363 891 2407 generis
914 2364 1059 2397 nomina.
1086 2383 1125 2389 -—-
1182 2364 1204 2397 1.
1219 2363 1275 2399 26.
1295 2364 1536 2400 Κουιντιλιανοί
1558 2365 1640 2399 ven.
1666 2384 1708 2391 —
1752 2365 1777 2401 1.
1797 2373 1899 2402 ante-

347 2419 472 2464 penult.
506 2421 646 2465 Repone
678 2431 719 2453 ex
742 2420 888 2453 omnium
921 2420 1083 2454 librorum
1115 2421 1316 2454 auctoritate
1349 2421 1513 2456 Ναυᾶτοι.
1547 2441 1590 2447 -
1645 2422 1670 2457 l.
1693 2422 1752 2456 ult.
1787 2423 1898 2458 Verba

350 2475 578 2523 αἰσχροποιοὶ,
603 2489 634 2512 τ.
656 2489 686 2511 τ.
707 2474 909 2520 Ὠριγένειοι
931 2477 1050 2510 absunt
1073 2490 1092 2511 a
1113 2479 1196 2512 Ven.

438 2535 546 2581 Pag.
567 2535 639 2570 12.
682 2534 704 2567 1.
734 2536 763 2568 1.
785 2535 843 2568 τοῦ
867 2534 1023 2567 articulus
1059 2541 1137 2579 post
1160 2533 1300 2571 Παύλου
1324 2535 1419 2568 abest
1449 2548 1468 2569 a
1490 2537 1576 2570 Ven.
1603 2555 1641 2562 —
1687 2537 1713 2571 1.
1736 2539 1787 2572 10.
1812 2539 1898 2574 Ven.

347 2590 433 2624 liber
454 2597 564 2624 utrum
585 2586 754 2635 Ἀνόμοιοι
776 2591 912 2631 habeat,
934 2603 976 2624 an
1001 2589 1163 2636 Ἀνόμιοι,
1187 2603 1227 2625 ex
1243 2591 1374 2626 schedis
1397 2591 1479 2626 mihi
1501 2592 1700 2627 transmissio
1712 2593 1803 2628 haud
1815 2595 1896 2629 entis

347 2647 463 2692 liquet.
487 2667 529 2673 -
576 2647 599 2681 l.
626 2647 675 2682 13.
700 2648 783 2681 Ven.
816 2647 945 2692 plenius
973 2647 1035 2692 τήν
1060 2647 1215 2684 θεοτόκον
1239 2648 1299 2684 καὶ
1319 2646 1376 2684 αἐὶ
1397 2649 1502 2693 παρθ.
1523 2667 1566 2676 -
1611 2649 1636 2683 l.
1651 2649 1708 2684 31.
1742 2650 1896 2688 27.-atam

351 2705 431 2738 Ven.
456 2703 597 2739 Στοῐκοὶ
621 2706 691 2737 Bas.
717 2711 752 2737 et
776 2704 828 2737 ed.
853 2706 968 2738 Petav.
993 2705 1109 2741 Colon.
1133 2713 1240 2750 repet.

438 2761 546 2808 Pag.
565 2762 636 2798 14.
680 2761 702 2794 l.
716 2761 748 2796 3.
772 2761 1011 2805 Σωκρατεῖται
1027 2763 1110 2796 ven.
1133 2781 1176 2788 -—
1222 2763 1245 2796 l.
1264 2763 1297 2798 7.
1321 2763 1461 2808 Repone
1477 2759 1692 2808 Ἐπιφάνης,
1717 2762 1767 2796 uti
1785 2775 1895 2810 supra.

351 2818 432 2850 Item
455 2818 478 2851 l.
495 2820 535 2851 10
560 2818 698 2851 restitue
727 2818 825 2852 codd.
849 2831 926 2852 mss.
964 2820 1015 2862 (et
1037 2820 1140 2860 Ven.)
1172 2819 1369 2865 scripturam
1395 2819 1615 2864 Μαρκίωνες,
1651 2826 1689 2853 ut
1710 2831 1822 2865 supra.
1849 2840 1894 2847 —

349 2873 372 2907 1.
387 2874 440 2907 27.
464 2874 671 2910 Μελιτιανῶν
693 2875 760 2910 τῶν
785 2874 818 2910 ἐν
842 2875 886 2921 τῇ
910 2875 986 2920 Αἰγ.
1011 2887 1064 2921 σχ.
1090 2876 1173 2910 Ven.
1197 2894 1242 2901 —
1286 2876 1347 2911 lin.
1365 2875 1420 2911 29.
1444 2876 1495 2923 τῷ
1519 2876 1628 2917 artic„
1652 2878 1732 2910 nnt'e
1753 2875 1895 2923 πρώτῳ,

351 2929 445 2962 abest
466 2942 485 2963 a
507 2933 592 2965 Ven.
617 2951 658 2957 -—
705 2932 728 2965 l.
754 2932 960 2976 antepenult.
986 2932 1125 2976 εἴπαμεν
1148 2932 1233 2965 Ven.

442 2987 548 3033 vag.
566 2989 637 3023 16.
681 2988 705 3021 Ι.
718 2988 751 3021 2.
777 2989 857 3022 Post
891 2986 989 3032 ἁγίαν
1022 3000 1063 3022 ex
1087 2988 1161 3022 cod.
1186 2990 1270 3023 Ven.
1300 2988 1387 3022 adde
1418 2987 1564 3033 Μαρίαν.
1590 3009 1633 3015 -
1679 2990 1702 3023 1.
1721 2991 1753 3025 5.
1777 2990 1837 3027 καὶ
1865 2988 1893 3037 ἢ

351 3041 427 3084 περὶ
447 3043 540 3084 ven„
564 3043 653 3086 quod
670 3051 839 3087 praestare
861 3045 1004 3078 videtur.
1028 3064 1070 3070 -
1105 3044 1127 3078 l.
1149 3043 1183 3078 9.
1209 3046 1290 3090 μιᾶς
1313 3051 1405 3079 extat
1427 3045 1527 3078 etiam
1547 3045 1581 3078 in
1602 3046 1686 3080 Ven.
1711 3066 1753 3072 —
1799 3047 1822 3081 l.
1839 3047 1893 3081 10.

352 3097 418 3142 τῆς
438 3104 516 3131 ante
540 3099 726 3144 καὶολικῆς
747 3101 842 3134 abest
864 3114 883 3134 a
907 3102 1011 3142 Ven.,
1045 3101 1100 3146 qui
1123 3114 1184 3146 pro
1203 3101 1354 3137 τουτέστι
1373 3101 1476 3135 habet
1496 3101 1676 3138 τουτέστιν.
1706 3122 1748 3129 --
1794 3103 1818 3137 l.
1838 3102 1891 3138 11.
