2020 3276
341 186 422 229 746

338 274 517 308 Anomoios
543 284 615 307 esse
637 273 833 308 idololatra
855 282 891 308 et
913 276 1019 310 solem
1045 289 1084 312 ac

380 338 505 364 ceteras
529 337 695 364 creaturas
717 331 858 366 adorare
881 333 957 366 ⁹85.

336 397 572 432 Anomoiorum
595 397 691 444 origo
723 406 758 432 et
780 411 799 433 a
825 410 891 445 quo
913 400 1082 446 profluxe-

377 454 443 487 rint
464 457 540 488 886.

335 511 487 544 Anomoii
504 522 578 545 cum
602 511 732 546 Iudaeis
749 513 964 548 conseruntur
978 517 1077 549 1038.

335 579 735 613 Antidicomarianitarum
754 581 897 615 haeresis
916 582 1080 629 quinqna—

376 635 498 679 gesima
511 642 628 669 octava
649 637 719 670 sive
731 639 783 671 78.
798 637 914 672 ordine
927 641 1025 674 1033.
1036 659 1082 666 -

376 692 480 737 qualis
503 693 559 726 illa
585 693 686 727 suerit
707 693 789 728 ibid.

331 759 599 805 Apelleianorum
632 761 779 795 haeresis
815 766 870 798 24.
904 772 983 810 post
1019 777 1081 799 ex-

376 823 485 850 ortum
515 817 755 853 Christianismi
789 822 865 854 380.
898 838 943 848 —·
994 822 1081 856 unde

375 872 423 906 sic
455 873 616 908 nominati
648 875 727 909 ibid.
753 895 797 903 —
845 877 969 923 Apellis
993 878 1080 924 dog-

375 937 464 964 mata
496 929 576 964 ibid.
615 951 655 957 —
715 931 895 968 Marcionis
933 935 1081 980 magistri

374 986 423 1020 sui
444 986 633 1032 opinionem
654 998 825 1035 oppugnat
843 990 925 1025 ibid.
940 1011 981 1018 —
1018 993 1081 1026 tria

377 1043 524 1078 eiusdem
548 1045 710 1091 principia
733 1046 895 1090 destruit,
919 1060 958 1082 ac
981 1061 1080 1082 unum

377 1101 513 1135 omnino
533 1102 708 1136 constituit
729 1106 806 1138 381.
821 1123 866 1131 --
889 1105 987 1139 deum
1010 1106 1081 1139 vult

376 1156 507 1191 unicum
531 1170 602 1192 esse
625 1159 822 1206 principium
845 1161 917 1194 sine
948 1162 1081 1196 nomine

375 1214 456 1249 ibid.
473 1234 519 1241 —
565 1216 733 1262 negligere
753 1217 911 1251 mundum
930 1218 1012 1252 ibid.
1039 1238 1078 1246 -·-

375 1271 434 1305 sed
475 1272 563 1306 hunc
607 1273 707 1306 alium
750 1273 847 1308 deum
887 1275 1080 1320 produxisse

374 1328 488 1362 mundi
505 1335 701 1372 creatorem,
725 1331 783 1364 sed
802 1331 926 1378 malum
945 1331 1082 1380 ibid.—

375 1385 443 1418 eius
478 1384 671 1431 dogmatum
708 1387 896 1422 confutatio
929 1387 1011 1422 ibid.
1036 1407 1078 1414 —

377 1441 542 1476 Christum
566 1443 647 1477 boni
682 1443 736 1477 dei
768 1444 870 1478 filium
904 1445 1081 1490 postremis

374 1500 580 1545 temporibus
611 1500 741 1534 venisse
771 1501 888 1535 asserit
921 1501 1002 1535 ibid.
1037 1522 1080 1529 —

375 1556 514 1590 eundem
539 1568 580 1590 ex
606 1557 711 1592 Maria
734 1558 862 1604 virgine
887 1566 1001 1592 natum
1025 1558 1080 1592 di-

376 1614 442 1654 cit,
467 1613 527 1647 sed
551 1613 684 1648 aliunde
708 1626 840 1649 carnem
867 1615 1080 1661 assumpsisse

373 1673 453 1707 ibid.
479 1692 521 1699 -
559 1671 686 1706 scilicet
707 1683 747 1705 ex
769 1678 911 1717 quatuor
930 1673 1080 1706 elemen-

372 1729 414 1763 tis
439 1732 515 1763 382.
542 1748 583 1755 -
621 1728 791 1774 quomodo
815 1741 888 1762 eam
911 1729 1080 1774 deposue-

372 1786 418 1819 rit
451 1785 529 1818 ibid.
556 1805 597 1811 —
645 1785 779 1820 subulae
814 1785 898 1819 tales
930 1786 1081 1820 ridentur

373 1850 407 1876 et
446 1841 645 1875 refelluntur
688 1842 770 1876 ibid.
804 1863 842 1869 —
905 1843 1080 1877 mendaces

373 1899 556 1944 Apelleiani
572 1901 651 1933 383.
679 1919 719 1925 —
755 1907 879 1945 negant
903 1911 1080 1946 corporum

372 1955 650 1989 resurrectionem
673 1956 756 1990 ibid.
782 1976 818 1982 -—
869 1957 984 2002 inepte
1007 1957 1079 1990 dis-

371 2018 483 2045 serunt
505 2012 548 2045 de
566 2013 675 2046 anima
698 2013 819 2046 Christi
832 2015 909 2046 385.
924 2032 965 2039 -
999 2013 1079 2062 item

371 2068 414 2102 de
438 2080 578 2114 corpore
598 2069 745 2103 eiusdem
767 2072 845 2103 386.
873 2089 911 2096 --
960 2082 1078 2115 corpus

371 2125 459 2158 enim
493 2125 579 2158 illius
611 2125 762 2170 spiritale
796 2126 829 2159 in
865 2125 960 2160 coelo
994 2126 1080 2170 vidit

370 2182 558 2228 Stephanus
581 2182 662 2216 ibid.
686 2202 730 2209 —
765 2194 941 2228 corporum
966 2195 1078 2217 resur-

370 2239 475 2273 rectio
500 2239 662 2284 probatur
695 2246 813 2273 contra
839 2241 1019 2274 Luciauum
1044 2249 1079 2275 et

370 2295 576 2330 Lucianistas
599 2296 681 2329 ibid.
706 2315 751 2323 —
795 2295 843 2330 illi
878 2309 1077 2342 comparan-

371 2361 427 2387 tur
445 2366 519 2387 cum
537 2353 699 2387 crabrone
714 2364 813 2400 quem
825 2355 996 2400 Zopyrum
1013 2367 1078 2389 vo-

371 2417 448 2444 cant
472 2413 552 2444 387.

325 2479 544 2524 Apocalypsis
578 2479 740 2525 quaedam
775 2479 932 2525 mysteria
966 2481 1076 2527 expli-

370 2543 488 2570 cantur
510 2539 588 2570 464.

325 2592 525 2637 Apollinaris
559 2594 682 2639 dogma
713 2594 756 2627 de
780 2606 879 2628 carne
910 2594 1079 2628 divinitati

370 2650 471 2684 Verbi
497 2651 771 2685 consubstantiali
795 2652 961 2685 refutatur
978 2654 1078 2685 1000.

369 2725 415 2732 -
438 2714 473 2740 et
491 2719 568 2741 vera
582 2708 704 2741 Christi
720 2708 906 2742 hnmanitas
918 2709 1078 2754 probatur

372 2766 471 2797 1001.
498 2783 537 2789 —-
584 2765 731 2799 Verbum
755 2777 794 2799 ea
827 2765 891 2799 sibi
924 2765 1077 2799 attribuit

371 2831 454 2864 qnae
480 2832 598 2865 corpus
623 2833 755 2866 passum
782 2829 834 2856 est
854 2825 952 2856 1002.

328 2887 529 2931 Apollinaris
565 2889 609 2922 ob
647 2889 835 2924 doctrinam
877 2891 1076 2935 singularem

373 2944 616 2978 commendatio
629 2949 728 2979 1016.
749 2966 792 2972 —
826 2947 992 2981 refutatur
1007 2947 1076 2981 eius

371 2998 515 3032 haeresis
540 3003 637 3034 1018.
665 3021 706 3028 -·
766 3003 1075 3047 Apollinaristarum

375 3054 518 3088 obiectio
538 3059 635 3089 1020.
662 3077 701 3085 -ο
751 3059 897 3094 Christus
918 3059 1077 3095 humanas

939 196 1087 232 mnnx
1110 198 1283 234 BBRUU.

1174 277 1369 313 affectiones
1391 279 1509 314 habuit
1526 279 1609 314 ibid.
1633 295 1682 311 ..-
1717 281 1881 317 tumn-0

1174 342 1311 369 naturae
1352 336 1385 369 in
1424 336 1557 371 Christo
1599 336 1744 383 dignita·
1779 338 1880 376 1088.

1134 391 1438 437 ΑροΙΙίοατίειαι-ιιω
1461 393 1667 439 blasphemia
1689 393 1734 429 do
1757 394 1882 430 curtati

1175 460 1316 494 corpore
1335 449 1530 494 imaginario
1550 452 1629 485 998.
1649 468 1696 479 ·—
1736 458 1880 497 qnater-

1173 505 1312 538 nitatem
1336 517 1403 539 non
1423 506 1608 541 trinitatem
1629 514 1781 545 nna-tt
1796 507 1881 543 ibid.

1132 562 1284 606 Apostoli
1307 562 1455 602 dictum,
1493 565 1584 605 Quod
1614 565 1700 608 saei·
1730 574 1795 600 m
1826 575 1878 600 σο·

1170 628 1303 661 ynasco,
1335 618 1505 664 quomodo
1526 620 1573 654 sit
1591 619 1879 666 intas-precandum

1174 677 1251 709 588.

1131 731 1364 776 Apostolorum
1386 731 1592 767 Iudaicorum
1621 734 1773 775 functio.
1806 739 1881 769 tum

1173 795 1207 821 et
1229 788 1452 824 ministrorum
1485 789 1541 835 qui
1565 790 1735 825 Amitae*
1757 789 1879 826 dimn-

1173 851 1229 879 tur
1249 848 1326 878 135.

1131 902 1367 947 Apostolorum
1392 903 1590 938 constitutio
1620 914 1690 950 qua
1716 903 1796 938 vitio
1818 912 1879 938 ca-

1170 958 1331 993 tholicam
1344 960 1518 995 ecclesiam
1538 959 1771 996 demonstras·
1791 959 1879 995 dici·

1172 1022 1228 1049 tur
1248 1018 1325 1049 390.

1130 1074 1279 1118 Apostoli
1302 1073 1496 1108 Iudaeorum
1514 1079 1552 1108 et
1572 1074 1781 1119 patri-ndns
1801 1076 1879 1110 188.

1131 1130 1282 1175 Apostoli
1306 1141 1374 1175 quo
1396 1130 1513 1166 ordine
1544 1130 1681 1166 fuerant
1701 1143 1723 1166 a
1747 1131 1880 1167 striato

1172 1187 1283 1220 vocati
1306 1190 1384 1220 43⁷.

1131 1244 1367 1288 Apostolorum
1387 1244 1511 1279 electio
1533 1251 1569 1278 et
1590 1245 1799 1289 muneratio
1819 1247 1879 1280 80.

1131 1301 1398 1344 Apostolicorum
1427 1301 1571 1335 haeresis
1593 1304 1650 1336 41.
1675 1309 1754 1348 post
1778 1302 1880 1337 Chri-

1171 1357 1376 1391 stianismum
1403 1360 1481 1392 606.
1514 1376 1559 1391 v-
1611 1358 1716 1393 iidem
1756 1357 1880 1394 dicun·

1173 1421 1227 1447 tm·
1260 1414 1447 1459 Apotactici
1489 1418 1523 1449 1.
1559 1433 1600 1443 -
1667 1415 1880 1451 renuntiato-

1172 1483 1226 1505 res
1253 1478 1288 1505 et
1323 1483 1380 1505 cur
1412 1471 1494 1506 ibid.
1525 1490 1570 1499 ·—-
1612 1483 1635 1507 a
1665 1472 1783 1518 quibus
1812 1473 1880 1507 orti

1171 1527 1253 1562 ibid.
1278 1547 1319 1554 --
1368 1528 1521 1563 Andreae
1549 1540 1590 1563 ac
1611 1529 1764 1564 'rhome
1789 1528 1879 1565 Actis

1172 1585 1355 1619 adhaerent
1386 1585 1468 1620 ibid.
1492 1603 1539 1612 ·-
1582 1585 1716 1631 nuptias
1746 1585 1879 1631 impro-

1172 1642 1254 1675 bant
1275 1641 1356 1675 ibid.
1384 1661 1424 1668 —
1470 1642 1526 1676 ubi
1548 1642 1704 1677 habitent
1717 1643 1796 1677 507.

1129 1699 1242 1743 Aquae
1262 1698 1458 1733 benedict-ac
1478 1711 1520 1734 ac
1539 1709 1638 1734 cruce
1653 1699 1805 1744 signatae
1827 1698 1877 1735 vi·

1174 1758 1249 1789 13⁷.

1130 1813 1253 1846 Arabes
1278 1813 1425 1847 Dusaren
1458 1812 1558 1847 deum
1593 1812 1708 1848 colunt
1741 1813 1880 1860 eiusque

1173 1877 1312 1903 matrem
1335 1869 1504 1914 Virginem
1526 1873 1604 1904 444.
1629 1869 1823 1915 (addend.)
1854 1893 1857 1898 ·

1130 1926 1263 1960 Arbitrii
1278 1926 1414 1959 libertas
1429 1926 1547 1972 cuique
1563 1933 1616 1961 est
1631 1938 1788 1962 οοηωιια
1800 1928 1878 1962 675.

1131 1987 1234 2016 Areae
1260 1983 1468 2016 Noemiticae
1494 1983 1584 2028 apud
1608 1982 1798 2030 Gordyaeos
1819 1995 1879 2019 n-

1172 2039 1294 2084 liquiae
1315 2047 1503 2074 asservatae
1527 2043 1584 2074 39.

1131 2096 1404 2131 Archonticorum
1435 2097 1582 2132 haeresis
1614 2096 1774 2142 vigesima
1799 2104 1880 2144 post

1175 2153 1415 2187 Christianismi
1447 2161 1558 2188 ortum
1594 2156 1675 2188 201.
1708 2173 1757 2183 --
1822 2154 1880 2189 ubi

1171 2210 1396 2254 proseminata
1429 2211 1532 2244 fuerit
1563 2211 1646 2247 ibid.
1680 2229 1722 2238 -
1777 2217 1814 2246 et
1834 2211 1879 2247 ab

1171 2268 1316 2300 Eut-cto
1348 2267 1419 2301 sive
1455 2267 1567 2312 potius
1590 2272 1712 2302 Ataoto
1733 2267 1879 2314 quodam

1170 2324 1374 2358 anachoreta
1404 2330 1589 2370 propagata
1614 2324 1697 2359 ibid.
1724 2343 1765 2351 —
1807 2328 1878 2359 ‘Ar-

1171 2380 1318 2414 chontici
1351 2381 1554 2427 apocryphis
1603 2381 1696 2416 libris
1740 2387 1880 2417 utuntur

1171 2439 1248 2470 292.
1283 2457 1323 2463 —
1380 2449 1496 2472 eorum
1524 2437 1684 2483 dogmata
1715 2437 1800 2473 ibid.
1834 2456 1876 2464 —

1171 2494 1322 2539 corporis
1346 2501 1471 2539 negant
1491 2494 1777 2534 resurrectionem,
1799 2494 1876 2539 'api-

1169 2563 1243 2585 mae
1266 2551 1405 2586 creduut
1426 2551 1508 2585 ibid.
1533 2570 1578 2578 —
1618 2562 1746 2587 eotums
1762 2550 1877 2586 tabula

1168 2608 1212 2641 de
1229 2619 1407 2653 congressu
1425 2608 1551 2642 diaboli
1570 2619 1646 2642 cum
1663 2609 1735 2644 Eva
1742 2609 1823 2643 m-
1834 2626 1876 2634 -

1170 2677 1253 2710 qnos
1288 2665 1469 2710 prophetas
1505 2664 1708 2710 profitentur
1726 2665 1804 2700 2⁹¹1.
1829 2681 1872 2692 -··

1167 2721 1311 2755 haeresis
1337 2722 1614 2756 Archonticorum
1637 2731 1678 2755 ex
1698 2720 1876 2766 multiplici

1167 2778 1322 2822 unguium
1345 2778 1489 2812 colluvie
1512 2777 1654 2813 conflata
1674 2779 1751 2813 888.

1125 2835 1235 2869 Ariani
1268 2841 1303 2868 et
1327 2835 1523 2868 Arianorum
1552 2833 1696 2868 hneroeis
1714 2825 1874 2879 'quadra-

1167 2891 1292 2935 gesima
1323 2903 1411 2925 nona
1443 2891 1516 2925 sive
1547 2890 1751 2935 sexagesima
1785 2902 1876 2927 noua

1170 2951 1246 2981 717.
1271 2968 1314 2974 -
1361 2947 1449 2982 unde
1469 2946 1626 2986 oriundus
1647 2953 1683 2980 et
1705 2948 1872 2992 quomodo

1167 3017 1187 3038 a
1208 3004 1275 3038 fide
1294 3003 1500 3038 aberraverit
1525 3002 1606 3036 ibid.
1631 3022 1676 3031 --
1720 3004 1782 3038 sub
1805 3016 1872 3050 qno

1168 3060 1315 3094 floruerit
1353 3060 1554 3107 imperatore
1586 3059 1667 3093 ibid.
1701 3078 1747 3087 —-
1802 3061 1872 3097 eius
