2020 3276
13 2439 15 2443 Α
89 2407 244 2447 u'deeee
259 2414 424 2460 patrem.
486 2404 581 2448 Non
613 2413 742 2463 potest.
771 2408 805 2449 is
840 2421 930 2451 esse
961 2411 1142 2453 diversus
1173 2412 1236 2467 qui
1267 2426 1337 2469 per
1368 2426 1459 2454 sese
1493 2420 1642 2468 patrem

432 204 615 239 nmen
638 204 797 238 ment.
822 205 931 239 ΤοΜ.
957 206 982 238 ι.
1008 204 1318 239 nAen.1.xxvt.
1568 192 1646 237 201

99 282 300 337 eximat,
333 298 380 327 ac
401 298 480 327 non
504 283 582 326 iam
604 298 704 327 unus
725 284 821 326 deus
845 284 942 336 erit,
974 285 1037 340 qui
1063 298 1220 341 semper
1241 284 1333 336 fuit,
1376 283 1519 341 quique
1544 283 1653 342 prius

98 365 144 395 se
172 351 267 395 nibil
294 352 451 406 babuit,
492 367 539 395 ac
564 360 752 410 perpetuo
790 360 947 405 manet,
990 367 1014 397 a
1047 367 1122 409 quo
1155 353 1294 395 unicus
1328 367 1522 409 verusque
1550 353 1653 395 filius

97 419 255 477 genitus
274 428 336 464 est
356 428 397 463 et
418 420 580 474 existit,
613 421 661 463 ab
683 421 898 477 eodemque
923 421 1134 477 productus
1161 429 1222 463 est
1247 429 1407 464 sanctus
1429 422 1550 478 ipsius
1574 421 1654 478 spi-

96 488 221 532 riam
260 489 331 532 aed
357 489 420 546 qui
450 497 689 546 quaerentur·
715 489 936 545 complures
963 497 1079 531 erunt
1106 490 1181 542 dii,
1224 490 1354 546 itaque
1381 491 1428 532 ad
1459 489 1650 532 fallaciam

98 556 328 601 relabatur
357 557 514 610 omnia,
560 565 601 600 ει
631 572 652 600 a
680 557 849 600 veritate
883 557 1035 615 penitus
1069 557 1322 600 aberrabunt.
1385 557 1651 614 Quamobrem

98 636 200 669 am
225 626 362 678 nobis,
405 633 447 668 ut
467 640 607 670 revera
631 633 715 678 est,
747 626 1026 682 intelligendus
1052 633 1115 668 est
1137 627 1259 678 deus,
1286 635 1400 680 pater·
1420 631 1562 669 domim·
1581 643 1649 670 no-
1665 640 1691 669 2
1706 639 1776 668 cor.
1789 639 1816 675 ι,
1825 638 1852 667 2.

94 697 175 736 Μ
187 697 276 736 Im
296 697 462 744 Christi,
508 709 561 737 ex
592 709 669 751 quo
700 694 862 751 spiritus
898 702 1059 737 sanctus
1092 702 1175 746 est,
1219 698 1328 749 quia
1346 704 1460 749 patre
1476 699 1654 750 procedit
1682 708 1791 781 Igu-“m

97 764 284 817 aestio
309 766 462 818 occipit.
526 762 637 805 Haec
667 770 730 805 est
752 777 825 806 una
850 763 1060 815 divinitas,
1100 778 1202 806 unus
1234 764 1353 816 deuS,
1402 779 1501 807 unus
1529 765 1653 807 domi-

98 842 197 884 111,
237 838 374 889 pater,
418 838 458 873 et
493 832 618 884 lilius,
665 839 704 874 et
730 831 892 888 spiritus
929 838 1107 874 sanctus.
1172 829 1217 874 ln
1252 846 1327 888 quo
1364 833 1468 874 nulla
1501 841 1561 875 est
1584 834 1650 875 filii

97 911 185 943 e·-
203 906 317 956 patre
337 900 550 957 spiritusve
573 900 698 942 sancti
720 900 921 952 conlusio,
955 902 1023 942 sed
1049 908 1089 942 ει
1108 908 1220 957 patei·
1238 908 1350 957 pater
1372 908 1456 954 est,
1490 910 1530 944 et
1551 903 1652 946 filius

98 960 226 1021 flii-a,
255 974 309 1010 et
341 969 502 1025 spiritus
535 976 694 1012 sanctus
724 969 887 1025 spiritus
919 976 1104 1020 sanctus,
1147 970 1322 1026 perlecta
1354 970 1452 1023 tria,
1495 986 1569 1012 una
1593 971 1653 1013 di·

98 1035 268 1090 vinitas,
301 1050 403 1079 unus
429 1038 550 1089 deus,
584 1051 685 1080 unus
711 1037 917 1089 dominus,
958 1038 1279 1093 quemadmodum
1302 1052 1421 1095 saepe
1449 1041 1487 1081 in
1514 1040 1653 1082 haere-

98 1101 207 1148 sibus
235 1106 452 1148 nrnundis
484 1106 658 1149 divinum
692 1120 833 1148 numen
871 1107 1171 1163 praedicandum
1204 1107 1556 1164 celebrandumque
1583 1109 1652 1150 do·

97 1173 266 1217 enimus.
328 1172 416 1231 Qua
449 1187 494 1216 re
524 1189 611 1216 cum
649 1182 688 1217 et
727 1189 826 1217 unus
857 1175 955 1217 deus
982 1175 1056 1228 sit,
1100 1189 1172 1217 nec
1210 1175 1327 1217 alium
1361 1184 1517 1232 praeter
1548 1177 1650 1219 hunc

99 1242 231 1284 anino
252 1243 463 1299 concipere
490 1243 710 1299 possimuS,
744 1244 958 1286 admirabili
981 1251 1110 1286 tamen
1139 1244 1291 1301 ratione
1315 1252 1354 1286 et
1374 1245 1571 1301 ingenitus
1593 1253 1652 1287 at-

97 1322 175 1367 que
194 1310 397 1354 increatus
419 1319 531 1368 pater
551 1319 634 1360 est,
671 1319 710 1353 et
735 1313 872 1354 unicus
898 1313 959 1354 dei
981 1313 1081 1355 filius
1105 1313 1152 1355 ab
1174 1312 1258 1370 ipso
1277 1314 1434 1369 genitus
1459 1315 1561 1357 nulla
1587 1330 1651 1358 ra-

95 1379 423 1422 tionedissimilis
444 1379 550 1422 illius
574 1387 660 1431 est,
705 1381 773 1422 sed
806 1381 906 1422 idem
932 1395 1018 1423 cum
1046 1389 1177 1436 patre,
1221 1389 1260 1423 ει
1285 1382 1440 1438 aequali
1464 1383 1503 1425 in
1525 1384 1650 1426 omni-

94 1445 167 1490 bus
186 1446 377 1504 dignitate
399 1449 597 1503 gaudens,
641 1450 795 1490 tametsi
822 1450 979 1504 genitus
1007 1449 1105 1501 iste,
1138 1450 1202 1491 ille
1226 1463 1324 1492 vero
1351 1451 1404 1492 sit
1431 1451 1647 1508 ingenitus.

94 1513 251 1557 Etenim
277 1517 312 1558 si
337 1516 455 1559 filium
480 1518 640 1558 omnino
663 1518 821 1571 genuit,
857 1518 939 1559 lieri
966 1533 1044 1560 non
1065 1525 1194 1574 potest
1220 1526 1261 1560 ut
1284 1533 1360 1560 non
1384 1521 1482 1575 patri
1505 1535 1651 1577 aequa·

92 1582 141 1626 lis
163 1583 216 1626 sit
241 1598 288 1626 ao
317 1584 472 1628 similis.
535 1583 727 1641 Quicquid
752 1586 854 1627 enim
877 1586 1026 1642 giguit,
1070 1587 1196 1629 simile
1222 1588 1295 1630 sibi
1327 1589 1475 1645 gignite
1522 1604 1649 1646 neque

91 1651 219 1696 simile
255 1660 427 1707 tantum,
472 1654 540 1695 sed
575 1655 676 1696 idem
715 1661 830 1710 atque
866 1655 1030 1710 aequale
1064 1670 1242 1711 prorsus.
1304 1655 1488 1714 Exempli
1521 1660 1648 1714 gratia

92 1719 290 1764 hominem
324 1721 440 1764 bomo
471 1721 620 1778 gignit,
666 1730 707 1765 et
738 1724 834 1766 deus
864 1724 1001 1776 deum3
1047 1724 1112 1766 ille
1147 1726 1393 1781 copulatione
1423 1741 1647 1783 corporum,

91 1787 453 1847 hie‘iuexplit-abili
475 1792 640 1846 quodam
663 1792 779 1834 modo
806 1806 906 1834 unus
938 1791 1093 1834 unicum
1119 1794 1237 1836 lilium
1263 1795 1421 1850 genuit,
1462 1795 1549 1837 sine
1576 1796 1654 1838 ullo

91 1857 306 1913 profluvio,
339 1858 403 1901 vel
426 1859 698 1902 contractione
722 1861 784 1903 vel
806 1860 1050 1903 dilatatione.
1111 1860 1232 1904 Pater
1251 1863 1355 1905 enim
1383 1878 1469 1906 cum
1495 1864 1547 1906 sit
1570 1865 1648 1921 spi·

91 1925 216 1978 ritus,
247 1940 302 1969 ex
325 1927 458 1984 seipso
482 1928 588 1970 nullo
612 1929 675 1971 vel
702 1928 840 1981 initio,
886 1930 948 1972 vel
975 1937 1149 1986 tempore
1174 1931 1291 1973 fllium
1318 1933 1476 1988 genuit,
1509 1932 1583 1974 sibi
1608 1933 1648 1974 in

91 1993 272 2037 omnibus
307 1995 473 2038 similem
509 2003 550 2038 et
583 1998 785 2053 aequalem
817 2005 861 2040 ut
892 2011 945 2041 ex
978 1999 1174 2055 evangelii
1209 2003 1444 2043 auctoritate
1475 2009 1645 2044 constat,

91 2064 350 2116 Quaerebant,
393 2063 541 2120 inquit,
584 2067 690 2107 illum
715 2069 930 2121 meet-ficere
948 2071 1102 2117 ludaei,
1147 2072 1236 2122 quia
1254 2084 1328 2110 non
1352 2073 1459 2111 modo
1477 2072 1649 2111 solvebat
1678 2075 1688 2104 Ι
1693 2085 1781 2105 ooooo

87 2131 306 2181 sabbatum,
350 2134 419 2173 sed
444 2136 555 2173 etnam
575 2135 709 2186 filium
741 2137 806 2176 dee
826 2138 987 2189 seipsum
1014 2138 1183 2186 dil-ebat,
1225 2140 1416 2192 aequalem
1438 2154 1480 2179 se
1497 2141 1644 2191 foetens
1683 2112 1717 2148 δ’
1735 2111 1774 2139 ιβ’

88 2201 170 2242 deo.
234 2198 288 2242 Et
312 2213 408 2243 vero
429 2202 624 2256 quomodo
645 2217 722 2244 non
748 2203 785 2244 in
815 2204 995 2247 omnibus
1022 2205 1121 2261 patri
1145 2205 1284 2248 similis
1305 2214 1368 2249 est
1389 2216 1429 2248 et
1451 2207 1642 2262 aequalis,

88 2267 214 2324 quiin
236 2268 369 2326 seipso
395 2269 515 2311 vitam
544 2269 682 2322 habet,
727 2277 842 2327 atque
872 2271 924 2314 ita
957 2273 1150 2330 loquitur:
1196 2278 1506 2327 Quemadmodum
1535 2284 1648 2329 pater
1687 2293 1699 2321 1
1703 2302 1790 2323 .....

86 2339 248 2379 emme
269 2345 459 2387 mortuos,
493 2341 547 2378 ita
568 2340 732 2392 etfilms
755 2343 917 2382 susc-atae
934 2348 1132 2383 mortuos?
1162 2344 1325 2385 deinde.
1361 2347 1438 2396 ραι
1455 2347 1555 2384 videt
1569 2359 1638 2393 me,
1686 2329 1798 2391 εἰ’..Ξὲῖι

1694 2398 1737 2433 1⁴,
1755 2398 1782 2425 a.

86 2472 296 2530 significat.
345 2473 448 2516 Tum
475 2475 538 2530 qui
564 2474 638 2516 ista
663 2475 778 2518 dicit:
813 2479 891 2529 Qui
904 2482 1100 2532 cognoscit
1119 2493 1175 2520 me
1200 2484 1396 2533 cognoscit
1416 2488 1454 2520 et
1470 2488 1641 2533 patrem:

86 2547 149 2584 et:
194 2545 382 2597 qm'm'det
401 2557 458 2584 me
479 2546 579 2584 videt
599 2552 637 2584 et
652 2552 814 2597 patrem.
879 2544 1085 2603 Tanquam
1114 2562 1191 2589 non
1219 2548 1319 2590 alins
1344 2549 1508 2604 ipsemet
1532 2563 1554 2591 a
1579 2563 1644 2606 pa-

86 2615 146 2652 tre
168 2610 244 2663 sit,
285 2611 322 2653 id
356 2612 457 2668 quod
487 2620 563 2654 tam
592 2620 701 2669 patei·
731 2627 844 2669 quam
869 2614 967 2656 filius
988 2615 1132 2658 indicat
1155 2616 1214 2658 liis
1239 2617 1394 2658 verbis:
1444 2619 1643 2658 Faciamus
1659 2626 1735 2655 σοι.
1758 2627 1784 2662 ι.
1800 2626 1846 2656 as.

85 2678 265 2721 honinem
296 2682 349 2721 ad
379 2683 578 2734 imaginem
613 2689 803 2731 nostram,
851 2691 889 2723 et
916 2685 968 2724 ad
994 2687 1289 2726 se‘mae’litudt‘nem.
1354 2685 1473 2740 Atqui
1499 2685 1573 2727 nisi
1599 2686 1642 2727 fi-

85 2745 160 2790 lius
183 2748 281 2804 patri
306 2747 445 2791 similis
475 2757 606 2801 esset,
650 2749 805 2805 quinam
833 2752 879 2792 ad
905 2751 1112 2807 imaginem
1146 2761 1186 2795 et
1211 2753 1502 2795 similitudinem
1535 2762 1643 2798 esset

0 2829 24 2867 ς
85 2812 202 2857 bomo
234 2817 387 2858 lactus?
443 2815 538 2859 Non
571 2818 674 2860 enim
705 2818 806 2859 dixit
830 2826 963 2875 pater,
1005 2818 1216 2863 Faciamus
1244 2820 1437 2863 hominem
1468 2822 1515 2863 ad
1544 2822 1641 2865 ima-

0 2914 2 2917 .
85 2882 214 2938 ginon·
237 2898 391 2936 meam,
432 2892 501 2927 aut
533 2887 594 2928 Ad
622 2886 830 2942 imaginem
867 2894 995 2940 tuam,
1041 2889 1109 2929 scd
1145 2892 1213 2930 Ad
1231 2893 1429 2943 imaginem
1453 2899 1634 2932 nostram.

85 2962 235 2997 Panum
265 2966 408 3005 videtur,
448 2976 643 3009 quamquam
677 2969 842 3009 vulgatam
932 2966 965 3000 6.
989 2967 1245 3013 διηλλαγμένως
1266 2971 1355 3004 codd.
1379 2972 1488 3014 scripti
1518 2975 1545 3005 et
1569 2973 1640 3005 edu.

0 3014 2 3021 ·
67 3009 209 3044 ,Μίνωα
229 3011 419 3051 scripturam
442 3010 548 3054 ῥῆσιν.
881 3014 983 3054 princ.

127 3052 160 3086 5.
184 3051 243 3089 καὶ
263 3055 331 3088 eod.
355 3057 483 3098 media.
