2020 3276
347 225 428 268 772

950 227 1098 263 mum(
1120 225 1290 262 RERUM.

347 312 615 347 Sadducaeorum
645 307 791 343 haeresis
822 307 929 353 prima
951 306 1095 341 ludaeo—
1141 308 1381 341 Saracenorum
1410 306 1467 352 qui
1499 310 1535 340 et
1557 303 1700 351 Agaron}
1729 303 1826 350 origo
1846 303 1890 339 ab

392 381 464 403 rum
487 371 542 401 31.

349 425 536 460 Sadducaei
559 425 648 458 unde
670 422 752 456 dicti
775 421 856 456 ibid.

350 483 460 517 Salem
484 493 568 527 quae
595 480 639 514 sit
661 479 897 513 Melchisedeci
918 478 996 513 urbs
1016 481 1095 513 469.

394 559 439 566 -
455 551 474 572 a
488 537 684 584 quibusdam
706 537 800 570 lebus
821 542 856 570 et
880 547 967 570 nunc
988 542 1023 569 et
1042 537 1096 569 le-

395 595 536 630 rusalem
561 601 700 629 vocatur
722 593 802 628 ibid.

351 651 540 688 Salomonis
560 651 653 686 locus
671 651 856 696 explicatus
876 649 920 684 de
937 650 1100 696 sapientia

397 709 451 744 dei
477 712 554 743 745.

352 767 510 802 Salomon
530 765 715 811 explicatur
727 764 761 799 in
777 763 965 810 proverbiis
985 770 1101 798 contra

398 824 513 858 Arium
538 825 613 856 747.

354 881 637 915 Samaritanorum
659 886 772 914 sectae
795 886 938 926 quatuor
961 882 1014 914 28.

355 938 636 972 Samaritanorum
660 937 819 982 dogmata
843 941 897 973 24.

355 995 552 1030 Samaritani
573 994 660 1028 ultm
685 994 831 1040 quinque
852 994 955 1029 libros
976 994 1104 1040 Moysis

401 1052 511 1086 nullos
535 1051 618 1085 alios
641 1051 822 1086 admittunt
845 1055 899 1085 28.

357 1108 554 1142 Samaritani
577 1109 777 1143 idololatrae
800 1111 855 1142 25.

357 1166 638 1200 Samaritanorum
668 1166 751 1200 ritus
775 1173 904 1200 veteres
930 1165 1045 1199 stolidi
1066 1177 1106 1199 ac

402 1223 496 1256 stulti
522 1225 576 1256 26.

358 1279 542 1314 Samaritae
562 1279 642 1326 quid
661 1280 743 1322 sint,
767 1287 802 1314 et
819 1279 909 1314 unde
927 1279 976 1313 sic
998 1279 1106 1314 vocati

405 1340 459 1371 24.

359 1393 543 1428 Samaritae
560 1395 677 1440 Iephte
691 1395 791 1428 filiam
808 1400 1009 1428 venerantur
1026 1397 1105 1428 469.

360 1451 596 1485 Samaritarum
619 1452 763 1486 haeresia
787 1455 842 1485 24.

360 1511 479 1543 Sectae
511 1515 654 1554 quatuor
680 1509 915 1543 Samaritarum
934 1508 1023 1542 unde
1044 1508 1110 1542 ssu-

406 1565 515 1599 xerint
540 1569 592 1599 23.

362 1625 654 1657 Samosatenorum
673 1622 825 1668 impietas
849 1625 926 1657 614.
941 1642 985 1649 -
1026 1633 1111 1656 con-

382 1719 385 1721 *
406 1687 460 1714 tra
478 1680 554 1714 illos
571 1680 746 1725 probatur,
766 1679 857 1726 quod
879 1679 1026 1713 Christus
1042 1690 1111 1713 non

408 1737 451 1771 sit
466 1737 568 1770 homo
587 1736 727 1782 simplex
739 1737 819 1770 ibid.
837 1756 877 1762 —
901 1737 1004 1781 patris
1027 1748 1110 1770 con—

407 1793 633 1828 substantialis
653 1801 705 1827 est
726 1793 811 1827 filius
828 1796 906 1827 615.
929 1813 968 1820 —
1013 1805 1114 1827 unum

409 1850 605 1895 principium
625 1863 645 1884 a
669 1862 735 1896 quo
757 1850 841 1884 filius
858 1850 1007 1884 manavit
1030 1862 1115 1885 con-

409 1914 462 1940 tra
484 1907 619 1940 Paulum
636 1910 888 1942 Samosatenum
907 1915 944 1941 et
967 1907 1115 1941 Marcio-

411 1975 488 1998 nem
512 1963 594 1997 ibid.
616 1983 659 1990 —
697 1964 809 2009 imago
834 1964 938 2010 patris
957 1971 1009 1998 est
1029 1964 1114 1998 filius

415 2028 530 2056 contra
556 2021 691 2055 eosdem
716 2024 794 2055 616.

368 2077 576 2112 Samosatcni
614 2076 761 2111 haeresis
797 2084 1007 2124 comparatur
1042 2090 1114 2112 cum

413 2141 568 2179 serpente
589 2134 645 2180 qui
671 2135 811 2181 Dryinas
835 2142 974 2169 vocatur
996 2134 1075 2168 ibid.

368 2194 621 2237 Sampsaeorum
652 2192 797 2226 haeresis
820 2195 874 2226 33.
906 2199 984 2237 post
1017 2192 1116 2225 Chri-

413 2249 629 2287 stianismum,
654 2248 772 2282 ordine
795 2252 850 2283 53.
870 2251 948 2282 461.
973 2268 1013 2276 -
1061 2249 1115 2282 ubi

415 2306 557 2351 primum
581 2311 655 2339 orta
672 2305 753 2339 ibid.
770 2325 807 2332 —
833 2313 994 2340 vocantur
1017 2306 1116 2340 etiarn

413 2362 566 2396 Elcesaei
586 2361 666 2396 ibid.
690 2381 728 2388 —
753 2362 837 2396 libet
848 2363 961 2396 Elxaei
979 2363 1059 2396 ibid.
1078 2382 1116 2389 —

416 2420 557 2454 feminas
575 2418 656 2452 duas
675 2431 738 2464 pro
749 2419 872 2453 deabus
891 2419 1018 2453 habent
1038 2419 1118 2453 ibid.

415 2497 456 2504 --
482 2476 663 2522 prophetas
697 2483 733 2510 et
758 2476 930 2522 apostolos
966 2476 1119 2510 reiiciunt

414 2535 495 2568 ibid.
520 2553 561 2560 —-
610 2545 729 2579 aquam
760 2533 900 2567 numinis
920 2533 994 2568 vioe
1014 2545 1118 2567 vene-

415 2599 531 2637 rantur
553 2590 634 2624 ibid.

372 2648 542 2694 Sampsaei
565 2648 654 2682 idern
673 2659 712 2681 ac
732 2647 856 2681 solares
877 2651 955 2682 462.
976 2667 1020 2674 -
1066 2648 1119 2682 la-

418 2713 528 2739 certae
551 2712 785 2750 comparantur
806 2703 886 2740 ibid.

373 2764 514 2796 Sanctos
538 2762 705 2796 honorans
728 2761 825 2795 deum
850 2761 995 2796 honorat
1018 2763 1118 2796 1053.

374 2819 486 2852 Sancti
510 2819 545 2852 in
568 2819 663 2853 coelo
690 2830 764 2852 cum
793 2818 919 2863 angelis
947 2825 1120 2852 versantur

420 2878 519 2908 1056.

375 2931 543 2974 Sapientia
565 2932 670 2965 carnis
691 2931 758 2976 legi
781 2931 836 2965 dei
859 2944 926 2966 non
950 2932 1121 2966 subiicitur

421 2989 499 3019 577.

375 3042 566 3086 Sapientiae
587 3056 706 3079 nomen
737 3046 827 3079 varie
850 3046 1012 3093 probatur
1036 3045 1120 3079 sumi

423 3100 498 3132 743.

1190 363 1327 398 ismaele
1352 366 1384 396 9.

1143 420 1313 455 Sataniani
1346 418 1623 453 Massalianornm
1654 429 1758 465 genus
1788 420 1890 454 100⁹.

1188 497 1233 505 —
1256 488 1371 511 eorum
1393 476 1475 510 ritus
1486 475 1567 510 ibid.
1579 493 1627 502 —
1647 474 1792 510 haeresis
1804 475 1893 510 illius

1194 534 1290 580 origo
1315 535 1415 567 1070.

1146 591 1444 627 Saturnilianorum
1466 588 1611 624 haeresis
1629 591 1663 623 3.
1683 589 1727 624 ab
1746 588 1894 624 adventu

1193 648 1316 682 Christi
1345 650 1399 681 62.
1429 665 1472 674 -
1518 646 1608 681 unde
1627 645 1719 680 dicta
1738 645 1895 681 ibid.—

1193 705 1247 739 ubi
1269 705 1435 739 haeresim
1457 703 1627 749 professus
1649 702 1731 737 ibid.
1748 720 1788 731 -·
1812 713 1896 749 qnae

1193 762 1318 796 suerint
1339 762 1407 795 eius
1428 760 1587 805 dogmata
1605 758 1685 794 ibid.
1699 778 1743 786 —
1787 759 1830 794 ab
1854 771 1896 794 eo

1194 818 1347 853 Gnostici
1379 817 1447 852 orti
1470 819 1525 851 63.
1551 835 1594 843 -
1639 816 1724 851 duos
1745 816 1897 852 hounines

1194 876 1312 910 asserit
1348 875 1446 909 initio
1483 880 1614 909 creatos
1647 885 1668 908 a
1699 873 1766 908 deo
1797 885 1898 908 unum

1193 934 1329 973 bonurn,
1349 932 1491 966 alterurn
1512 931 1634 966 malum
1653 931 1735 965 ibid.
1747 950 1792 968 -1-
1832 942 1895 964 nu-

1195 990 1282 1035 ptias
1297 989 1432 1023 damnat
1443 988 1524 1023 ibid.
1539 1007 1586 1016 —
1609 988 1651 1022 ab
1663 987 1816 1022 animatis
1833 987 1899 1022 ab-

1196 1047 1322 1080 stinent.
1345 1046 1425 1080 ibid.
1441 1064 1481 1072 -
1504 1045 1587 1092 quid
1609 1045 1731 1079 sentiat
1750 1044 1795 1078 de
1815 1054 1901 1091 pro-

1197 1103 1307 1149 phetis
1329 1106 1383 1137 64.
1409 1122 1447 1129 —
1498 1102 1569 1136 eius
1589 1101 1784 1147 dogmatum
1803 1102 1898 1136 refu·

1197 1160 1282 1194 tatio
1305 1159 1386 1194 ibid.

1153 1232 1238 1264 Save
1270 1240 1353 1263 uxor
1378 1228 1472 1263 Caini
1506 1227 1690 1275 eademque
1721 1227 1788 1261 fnit
1814 1226 1902 1262 illius

1197 1298 1295 1321 soror
1318 1289 1396 1320 287.

1155 1343 1300 1378 Scientia
1332 1342 1466 1389 quando
1495 1342 1602 1377 maior
1631 1348 1683 1376 est
1701 1341 1736 1376 in
1766 1341 1903 1377 homine

1198 1408 1295 1435 tanto
1314 1400 1418 1445 magis
1438 1398 1495 1433 ille
1511 1407 1666 1445 reputare
1683 1398 1795 1442 debet,
1818 1410 1903 1445 quae

1201 1458 1245 1492 sit
1265 1458 1409 1492 humana
1434 1456 1597 1502 fragilitas
1621 1459 1699 1490 881.

1157 1525 1387 1571 Scolopendra
1418 1537 1552 1571 serpeus
1590 1525 1647 1572 qui
1683 1525 1783 1560 etiam
1815 1514 1904 1560 'lutus

1203 1582 1345 1626 dicitur,
1394 1594 1468 1616 cum
1505 1593 1573 1632 qno
1607 1582 1706 1628 alogi
1744 1582 1905 1618 haeretici

1203 1646 1437 1684 comparantur
1456 1642 1535 1674 457.

1159 1696 1374 1742 Scorpiornm
1409 1695 1592 1732 similitudo
1632 1696 1807 1732 haeretic'u
1844 1710 1904 1733 ac-

1206 1753 1413 1788 commodata
1447 1765 1521 1787 cum
1554 1765 1592 1788 se
1618 1754 1780 1798 invicem,
1815 1748 1907 1790 reiut

1206 1817 1324 1845 catena
1347 1809 1494 1855 illigatos
1515 1817 1636 1845 teuent
1659 1813 1735 1846 207.

1161 1876 1350 1913 Scribarum
1386 1879 1531 1913 haeresis
1565 1891 1651 1925 quae
1680 1886 1731 1915 est
1763 1880 1909 1916 secunda

1207 1935 1402 1969 ludaeorum
1427 1938 1482 1970 32.

1161 1992 1349 2026 Scribarum
1372 1993 1510 2027 ambitio
1532 1993 1616 2029 ibid.

1162 2048 1350 2083 Scribarum
1373 2050 1593 2093 traditiones,
1627 2058 1663 2086 et
1682 2057 1766 2098 quot
1797 2063 1910 2086 earum

1207 2117 1332 2150 genera
1355 2109 1410 2140 33.

1163 2162 1333 2207 Scriptura
1365 2175 1460 2198 sacra
1491 2164 1574 2199 nihil
1597 2165 1747 2200 continet
1770 2172 1908 2201 coatra-

1207 2219 1292 2254 rium
1315 2227 1373 2254 aut
1394 2233 1582 2266 repugnans
1605 2225 1682 2256 879.

1163 2288 1334 2333 Scriptura
1355 2289 1528 2324 intellectu
1560 2290 1727 2331 difficilis,
1759 2296 1796 2324 et
1817 2290 1910 2325 velut.

1209 2345 1381 2390 obsignata
1404 2348 1482 2380 529.
1505 2366 1550 2373 —
1594 2347 1661 2381 hoc
1680 2347 1910 2382 adumbratum

1210 2401 1302 2435 clave
1323 2413 1421 2447 quam
1441 2403 1589 2438 salvator
1609 2404 1699 2449 apud
1730 2403 1856 2439 scribas
1874 2409 1910 2438 et

1210 2458 1403 2493 Pharisaeos
1426 2471 1499 2494 esse
1521 2460 1605 2495 dixit
1627 2464 1706 2495 530.

1165 2515 1356 2560 Scripturae
1378 2517 1584 2552 consuetudo
1606 2518 1641 2552 in
1664 2517 1781 2552 ordine
1801 2519 1910 2552 rorum

1211 2571 1409 2608 deducendo
1435 2577 1511 2610 745.

1166 2639 1407 2685 Scripturarum
1430 2642 1610 2688 explicatio
1628 2642 1708 2677 olim
1728 2642 1908 2688 perbrevis,

1210 2704 1328 2741 postea
1357 2710 1418 2743 per
1439 2699 1697 2734 ostentationem
1723 2698 1774 2733 sui
1803 2698 1909 2733 ditru-

1210 2753 1279 2787 sior
1302 2757 1378 2789 563.

1164 2809 1355 2854 Scripturae
1377 2823 1491 2846 sacrae
1513 2812 1657 2858 prudens
1681 2812 1791 2846 cautio
1814 2815 1893 2847 488.

1167 2867 1311 2911 Scythae
1333 2868 1501 2903 acinacem
1523 2881 1585 2914 pro
1612 2869 1676 2903 deo
1699 2869 1855 2904 colebant
1876 2872 1907 2904 8.

1167 2923 1343 2968 Scythicae
1364 2926 1474 2970 gentis
1496 2925 1661 2960 successio
1685 2929 1716 2958 8.

1167 2980 1312 3024 Scythae
1333 2993 1353 3014 a
1378 2982 1500 3016 Noemi
1522 2981 1597 3016 filiis
1619 2983 1795 3028 propagati
1819 2985 1853 3016 6.

1166 3035 1303 3069 Sebaste
1325 3041 1403 3071 469.

1166 3091 1315 3126 Sebastia
1335 3097 1413 3129 469.
1440 3093 1554 3140 (add.)
