2020 3276
434 174 614 209 mmm!
639 174 720 208 Lm
740 176 799 208 ιιι.
821 174 932 208 ΤοΜ.
950 176 974 209 ι.
999 174 1130 209 mun.
1148 174 1308 208 Lxxw.
1556 165 1640 207 319

101 255 238 315 μῌι
257 253 458 312 indignum
483 254 557 296 deo
579 261 665 307 est,
708 260 750 295 ut
771 254 858 295 sine
885 254 963 295 filio
994 254 1173 296 extiterit
1196 254 1427 310 aliquando,
1468 260 1549 295 tum
1572 267 1641 310 po-

101 330 189 375 em
214 329 309 381 post
331 321 400 365 mii
423 329 607 364 exortum
636 329 748 378 pater
779 321 964 378 appellari
998 322 1188 378 coeperit.
1251 320 1444 364 Similiter
1473 328 1512 363 et
1542 320 1642 363 indi-

96 403 230 451 m
237 390 318 435 filio
338 396 424 442 ut,
457 388 511 432 uti
535 397 685 444 tempus
708 389 830 446 ipsius
858 389 1049 445 originem
1078 392 1361 443 antecesserit,
1393 403 1639 445 consequens

97 458 207 511 qiu,
240 466 304 503 est
335 465 489 535 tempus
522 458 728 500 maiestate
762 458 866 500 illius
897 471 986 500 esse
1019 457 1159 499 maius.
1222 457 1275 499 Et
1304 473 1400 500 vero
1426 458 1524 514 patri
1547 472 1642 501 cou-

95 540 245 586 mn
262 533 327 570 est
350 526 452 569 utin
475 525 649 568 eiusdem
671 526 944 568 communione
965 525 1164 582 dignitatis
1184 527 1409 582 participem
1433 541 1519 569 eum
1538 540 1642 570 sem-

96 609 171 655 per
188 595 367 640 hbnerit
389 594 457 650 qni
479 594 661 636 desinere
682 609 875 650 nunqnam
900 601 1028 650 potest
1051 601 1187 649 estque
1208 595 1482 650 sempiternus.
1525 593 1640 650 Quod

97 678 197 715 mro
232 664 307 708 deo
341 662 436 706 nihil
462 662 569 719 prius
604 663 783 704 extiterit
812 662 1173 705 manifestissimum
1208 670 1284 704 est.
1353 663 1540 715 Atenim‚
1585 663 1641 705 ait

94 730 267 786 Mlius,
307 732 405 775 deus
427 737 470 773 et
490 731 705 787 ingenitum
730 731 830 773 idem
857 730 1016 773 omuino
1042 730 1280 786 significant.
1343 729 1491 772 Verum
1525 745 1638 786 quam

65 793 74 804 ⁰
92 808 232 860 aperte
250 798 502 857 semetipsum
540 799 743 855 implicans
772 805 932 841 accusat
953 799 1080 855 potius
1107 813 1219 854 quam
1244 799 1383 854 dogma
1411 813 1523 840 suum
1547 813 1641 841 con-

95 867 239 914 fleut-
298 866 405 912 Nam
426 868 461 910 εἰ
486 882 574 910 cum
599 868 673 909 deo
695 868 792 909 deus
817 875 902 919 est,
936 875 978 909 ut
998 875 1061 909 est
1078 881 1245 919 revera,
1279 867 1397 909 etiam
1422 867 1638 922 ingenitum

92 937 268 995 guitu-
287 937 407 980 filium
435 936 625 989 admittit,
665 935 730 991 qui
754 936 815 978 dei
843 935 1075 978 vocabulum
1113 949 1190 977 una
1216 935 1509 992 complectitur,
1552 950 1637 977 cum

96 1010 206 1062 putre
241 1018 340 1049 vcro
372 1004 489 1048 simul
513 1003 730 1061 appellatur
762 1011 802 1046 et
826 1004 1101 1061 coniungitur,
1147 1011 1312 1046 exortus
1337 1018 1359 1046 a
1383 1005 1481 1055 deo,
1522 1011 1561 1045 et
1581 1004 1640 1046 in-

96 1079 279 1126 mam,
310 1079 352 1116 et
371 1072 585 1116 honoratus
610 1087 697 1115 cum
722 1079 832 1130 patre
855 1073 974 1125 deus,
1006 1072 1185 1129 idemque
1207 1072 1393 1124 verbum,
1426 1073 1501 1113 etsi
1525 1072 1640 1114 aliter

96 1139 218 1189 Aetio
250 1141 455 1193 videatur,
498 1156 585 1183 cum
621 1147 777 1183 creatae
810 1155 876 1183 res
908 1155 1046 1183 omnes
1077 1140 1195 1183 lilium
1228 1141 1419 1192 adorent,
1463 1149 1503 1181 et
1520 1144 1639 1182 omnis

97 1210 233 1264 ὡς.
249 1211 499 1264 confiteatur,
531 1212 704 1264 quom'ant
724 1212 831 1250 Iesus
850 1211 1024 1251 Christus
1044 1213 1084 1251 in
1099 1211 1230 1263 gloria
1247 1217 1304 1250 est
1323 1212 1389 1250 dei
1399 1212 1541 1263 paens,
1575 1210 1635 1250 cui

92 1277 221 1334 gloria
256 1278 356 1336 patri
390 1279 430 1321 in
462 1277 563 1331 filio,
609 1292 695 1320 cum
724 1277 865 1334 spiritu
902 1285 1062 1329 sancto,
1107 1278 1148 1319 in
1177 1278 1335 1320 saecula
1372 1278 1635 1329 saeculorum,

93 1346 241 1390 Διιειι.

467 1483 587 1517 AETn
613 1483 868 1516 SALUTATto
896 1482 944 1515 ΙΝ
969 1482 1072 1515 FlNE
1096 1482 1261 1516 Posi'rA.

202 1547 305 1595 Posi.
323 1550 419 1594 baec
452 1550 727 1593 salutationem
759 1550 936 1592 subtexit
966 1550 1025 1592 liis
1050 1550 1204 1593 verbis:
1256 1550 1365 1594 Deus
1395 1551 1483 1604 ille,
1527 1552 1590 1607 qui
1613 1566 1637 1594 a

92 1617 199 1664 nullo
226 1618 306 1662 atio
337 1619 493 1676 genitus
518 1626 601 1671 est,
645 1619 786 1675 quique
821 1619 929 1661 solus
958 1632 1078 1661 verus
1115 1620 1211 1661 deus
1248 1620 1296 1662 ab
1327 1617 1420 1663 lesu
1456 1617 1633 1673 Christo,

91 1686 295 1744 qumille
318 1687 500 1740 miserat,
531 1687 747 1744 appellatus
776 1694 851 1739 est,
885 1684 1045 1730 Christo
1066 1687 1248 1743 inquam,
1281 1689 1344 1744 qui
1373 1702 1513 1732 revera
1540 1696 1633 1731 aute

93 1755 255 1809 ειεοιιΙι
287 1756 416 1799 omnia
450 1755 605 1809 extitit,
647 1763 784 1812 estque
816 1756 902 1798 siue
933 1756 1049 1798 dubio
1071 1757 1204 1810 genita
1232 1757 1471 1810 substantia,
1516 1771 1636 1799 sanos

94 1837 191 1889 gun,
231 1831 275 1871 et
291 1837 433 1876 uuas,
475 1831 517 1867 et
542 1823 758 1866 incolumes
783 1824 830 1866 ab
853 1823 1053 1881 impietate
1077 1825 1294 1877 custodiat,
1335 1828 1374 1866 in
1399 1827 1550 1866 Chr-12:10
1571 1828 1637 1866 do-

94 1893 195 1944 nabo
214 1899 370 1943 mm,
401 1906 473 1950 per
492 1906 606 1949 quem
630 1893 757 1935 omnis
776 1892 902 1949 gloria
932 1893 1056 1950 patri,
1090 1900 1130 1935 et
1158 1907 1286 1946 nunc,
1318 1899 1359 1935 et
1387 1907 1567 1951 semper,
1599 1901 1640 1936 et

93 1957 135 2003 iu
162 1959 323 2005 nucula
348 1960 618 2015 saeculorum,
649 1961 795 2004 Amen.

206 2025 452 2072 Confutatio.
512 2026 597 2072 Sub
619 2029 796 2086 opusculi
820 2029 935 2072 finem
967 2029 1015 2072 ad
1039 2029 1195 2072 sodales
1223 2043 1318 2073 suos
1341 2030 1520 2073 scribens
1552 2030 1636 2073 Ae:-

94 2096 194 2150 tins‚
235 2098 339 2154 quod
362 2096 529 2141 athletas
553 2104 593 2140 et
615 2098 819 2141 athletrias
849 2098 1047 2152 nominat,
1089 2112 1138 2140 ne
1159 2105 1237 2140 tum
1263 2098 1416 2154 quidem
1440 2099 1488 2141 ab
1508 2099 1637 2156 impiis

93 2164 258 2208 vocibus
289 2164 500 2217 abstinuit,
543 2165 613 2208 sed
637 2165 676 2207 in
701 2166 957 2208 valedicendo
989 2181 1142 2223 quoque
1178 2166 1391 2210 abhorrere
1414 2181 1458 2210 se
1484 2167 1532 2209 ab
1554 2167 1635 2209 sin-

93 2247 185 2278 cera
216 2233 394 2277 doctrina
419 2232 666 2276 monstravit.
728 2231 797 2277 Sic
823 2233 926 2276 euim
949 2234 1143 2291 loquitur:
1187 2237 1311 2277 Sanos
1331 2251 1395 2277 vos
1416 2244 1454 2277 et
1471 2238 1636 2277 valentes

91 2306 163 2359 qu·
177 2310 236 2345 est
252 2317 277 2344 a
295 2317 338 2345 se
353 2306 508 2356 gemtus
527 2304 619 2343 deus
640 2304 848 2343 custodiat.-
892 2316 965 2345 nec
985 2302 1077 2345 illud
1099 2303 1397 2356 animadvertit,
1444 2311 1564 2346 totam
1590 2304 1636 2345 il-

92 2370 171 2415 lm
190 2384 368 2429 sparsam
393 2385 416 2413 a
439 2384 483 2412 se
506 2369 775 2427 quaestionem
802 2384 879 2413 una
903 2384 1003 2413 voce
1028 2371 1212 2424 dissolvi,
1247 2386 1333 2414 cum
1362 2372 1400 2413 in
1421 2371 1635 2428 superiori-

91 2437 166 2483 bus
196 2439 387 2497 capitibus
411 2439 457 2480 de
490 2437 666 2495 ingenito
697 2438 771 2480 deo
792 2437 955 2495 loquens
977 2453 1221 2496 nequaquam
1244 2454 1267 2481 a
1290 2439 1421 2496 seipso
1448 2438 1530 2482 fieri
1553 2446 1634 2481 sta-

91 2506 234 2559 tuerit,
277 2507 351 2550 hoc
384 2521 481 2549 vero
513 2507 600 2549 loco
626 2519 648 2548 a
671 2507 802 2563 seipso
833 2507 1007 2562 genitum
1044 2507 1222 2549 affirmet.
1284 2506 1497 2562 Quaelibet
1530 2507 1632 2549 enim

91 2574 260 2619 bominis
279 2589 392 2619 mens
411 2578 471 2618 sui
496 2575 616 2632 ipsius
638 2574 904 2627 obliviscitur,
936 2582 979 2617 ut
1000 2575 1039 2617 in
1062 2588 1199 2617 errore
1226 2575 1462 2631 deprehendi
1491 2575 1629 2631 possit.

91 2642 215 2687 Addit
258 2650 487 2701 praeterea,
542 2646 619 2696 Qui
654 2650 692 2683 et
727 2644 831 2682 solus
868 2650 1070 2696 propter-ea
1116 2658 1226 2683 verus
1267 2646 1358 2683 deus
1398 2645 1625 2697 appellatur.

135 2733 169 2771 3.
193 2734 429 2790 κυριῳωρω.
883 2732 971 2766 tibus
992 2731 1063 2766 dei
1052 2743 1165 2785 ingeni
1152 2732 1201 2766 ito
1226 2732 1312 2774 deo,
1347 2729 1513 2766 praevidit
1532 2733 1631 2767 etiam

135 2778 169 2815 ⁴·
194 2780 266 2827 Deo-3
279 2773 348 2815 καὶ
370 2782 455 2815 abent
476 2789 585 2822 supra.
907 2777 974 2811 uod
993 2789 1100 2822 neque
1118 2778 1262 2822 seipsum
1283 2778 1364 2811 fecit
1381 2783 1447 2812 cett»
1480 2780 1631 2814 huam-

134 2824 166 2860 ⁶.
190 2816 324 2868 Περοιιι,
344 2826 429 2868 quoa
450 2826 586 2867 excidit,
609 2824 668 2860 καὶ
690 2820 755 2860 ἀεὶ.
804 2825 836 2856 Υ.
883 2789 959 2856 dam
992 2825 1089 2865 totam·
1120 2832 1183 2857 esse
1217 2826 1340 2865 putavit
1367 2826 1560 2867 nequinum
1591 2821 1629 2860 οὗ

90 2870 726 2914 mmwffloettvirmpoyssffl.
882 2867 1068 2903 muntem

134 2909 1631 2959 ἃδυρνοραα.924.δ.ἄνοιαωα.1ιλιάίο.,ιιυοᾱυπιιιιυκ

136 2959 169 2996 7.
203 2962 311 3003 Supra
342 2972 412 3003 cap.
443 2962 492 2996 ¹3.
549 2963 719 2995 Carnarius
750 2963 837 2993 vertit
882 2960 1011 2993 uidetur

93 3017 167 3041 eun
193 3006 279 3040 euim
301 3005 376 3039 dixe
378 3006 455 3039 riti
501 3006 724 3051 ssuperioribu
744 3005 837 3050 capi-
