2020 3276
425 257 606 292 rammi
630 256 712 291 ms.
732 258 791 291 111.
814 256 925 291 ToM.
942 258 984 291 n.
1009 256 1140 291 men.
1158 256 1333 290 Lxxvn.
1573 244 1655 288 369

112 343 205 382 hu
237 351 288 380 ae
305 337 448 380 dicens
475 352 554 380 non
587 351 677 380 esse
698 337 801 393 quod
828 338 1039 393 perfectam
1062 337 1167 378 illum
1202 336 1368 378 hominis
1393 341 1570 377 naturam
1593 348 1658 377 as-

111 405 327 464 “psisse
350 406 542 449 dieamus.
602 405 691 448 Hoc
710 419 808 448 vero
842 405 1085 462 potissimum
1112 405 1330 461 scripturae
1353 402 1579 446 testimonio
1600 403 1660 444 ni-

109 473 232 527 utar,
273 477 493 529 θυι-ἡνίαις
522 482 733 516 mansuetos
758 477 943 515 domimu-
1009 471 1156 515 Verum
1181 473 1274 515 nihil
1297 473 1501 515 admodum
1528 472 1588 514 his
1614 472 1654 514 in

104 542 245 586 mis
286 543 546 586 admiratione
582 543 741 599 dignum
780 550 865 595 est,
907 555 981 584 nec
1010 541 1087 583 ulla
1118 548 1246 597 potest
1281 542 1322 582 in
1361 555 1410 583 eo
1449 539 1658 582 diversitas

109 610 288 664 suendi,
329 612 431 668 quod
457 625 616 654 carnem
647 611 827 654 dominus
849 618 915 653 aut
939 611 1152 667 perfectam
1174 608 1342 650 hominis
1369 616 1548 651 naturam
1570 622 1659 650 sus-

109 679 267 737 cepisse
300 679 467 723 dicatur.
536 679 640 722 Nam
674 693 697 722 a
732 679 845 722 nobis
876 678 1033 734 saepius
1065 678 1275 719 nonnullae
1306 677 1498 719 dictiones
1523 677 1659 719 homo-

109 760 253 806 nymos
282 755 545 805 usurpantur,
587 748 698 790 velut
729 748 803 790 ista
829 754 944 800 sunt,
987 749 1206 800 Susezpaens
1233 754 1446 786 mansuetos
1470 749 1654 795 dommus,

109 822 168 870 ot,
197 819 376 871 Suscepit
391 832 450 858 nte
467 819 514 858 de
531 818 718 870 gregibus
741 819 877 865 om‘tcm,
911 815 1004 858 item
1026 815 1136 866 illud,
1168 818 1398 868 Assumptus
1417 823 1497 864 θεῖς
1530 823 1569 855 et
1585 817 1659 855 duo

109 886 191 927 uh·
206 886 408 935 aurunt,
452 888 553 938 Quid
571 889 704 935 statas,
749 888 829 926 vti-i
847 887 1039 926 Galilaen‘?
1095 887 1189 933 Hie,
1222 886 1292 937 qui
1313 891 1525 937 assumptus
1545 898 1570 924 a
1596 898 1658 924 vo-

110 953 192 1004 Rs,
233 959 313 996 ete.
371 952 464 996 Nec
482 953 523 996 in
542 953 609 996 illo
632 955 849 995 assumendi
868 953 1060 996 vocabulo
1082 952 1184 994 inest
1208 952 1284 994 ulla
1307 952 1503 1005 varietas,
1545 952 1579 993 si
1603 952 1659 993 di-

112 1033 271 1076 fflua,
300 1025 542 1077 desumpsit,
587 1029 654 1065 aut
679 1025 869 1076 Sumpsit,
913 1029 981 1064 aut
1003 1024 1227 1075 sapt-essu,
1273 1020 1480 1062 humanam
1505 1020 1543 1062 in
1569 1033 1659 1062 sese

111 1095 305 1133 notun.
362 1089 507 1148 Neque
530 1091 603 1133 hac
629 1091 781 1133 obiecta
805 1104 903 1134 voce
936 1097 1087 1132 terrere
1121 1104 1194 1132 nos
1224 1096 1390 1146 possunt
1423 1089 1486 1145 qui
1519 1089 1660 1131 adver-

112 1170 183 1201 sus
211 1157 414 1216 inpen‘tos
446 1172 492 1202 ac
525 1159 722 1216 simplices
750 1159 974 1215 insurgunt.
1037 1155 1210 1201 Omnino
1241 1172 1338 1200 vero
1359 1158 1414 1200 ita
1438 1157 1544 1213 loqui
1566 1171 1661 1199 con-

109 1225 236 1270 venit.
296 1226 360 1269 Ac
382 1240 432 1269 ne
453 1227 539 1283 quis
557 1227 788 1271 calumniari
809 1241 871 1270 me
893 1234 1026 1284 putet,
1059 1234 1126 1269 aut
1151 1227 1371 1269 istiusmodi
1392 1226 1596 1270 vocabulis
1619 1226 1659 1267 in

111 1308 163 1338 eo
181 1301 415 1352 argumento
441 1296 633 1349 cavillari,
665 1296 782 1339 velim
801 1296 894 1338 illud
916 1309 1053 1338 omnes
1073 1295 1311 1352 intelligant,
1343 1296 1407 1338 diu
1427 1309 1517 1347 nos,
1550 1301 1661 1336 ante-

111 1376 228 1421 quam
249 1376 296 1406 ea
321 1363 607 1417 scriberemus,
640 1365 879 1420 multumque
904 1364 1169 1416 deliberasse,
1214 1378 1263 1406 ne
1285 1365 1372 1421 quis
1398 1365 1568 1406 fortasse
1591 1376 1662 1419 per

110 1431 347 1476 simultatem
371 1433 409 1475 ei
433 1447 506 1475 nos
525 1432 736 1476 insultasse
758 1432 954 1475 crederet.
1015 1431 1137 1489 Atqui
1163 1433 1306 1475 nnllam
1331 1434 1408 1475 iste
1432 1432 1570 1483 nobis,
1618 1438 1662 1473 ut

112 1500 282 1544 ltu-auo
317 1515 426 1543 more
457 1501 620 1557 loquar,
664 1501 845 1544 iniuriam
878 1501 1084 1558 imposuit,
1126 1515 1200 1544 nec
1229 1502 1396 1558 quaein
1421 1501 1496 1543 boc
1517 1500 1661 1542 mundo

111 1569 407 1628 possidebamus
429 1569 586 1627 eripuit.
649 1567 730 1612 Sed
754 1584 840 1612 cum
866 1569 905 1611 in
928 1570 995 1612 illa
1019 1570 1299 1613 deliberatione
1327 1571 1374 1612 de
1400 1569 1460 1611 bis
1487 1575 1663 1625 praeter—

110 1637 311 1681 mittendis
331 1638 570 1695 cogitarem,
602 1651 624 1680 a
646 1638 815 1680 veritate
838 1639 920 1695 ipsa
943 1653 1027 1681 sum
1051 1646 1236 1691 coactus,
1269 1653 1319 1681 ne
1341 1652 1572 1695 quemquam
1595 1652 1663 1679 eo·

112 1720 199 1750 run
229 1707 486 1765 praeterirem
519 1707 583 1763 qui
613 1713 751 1749 contra
788 1707 902 1749 fidem
933 1707 1076 1763 aliquid
1106 1708 1343 1750 sensissent.
1403 1706 1493 1749 Nec
1530 1706 1662 1748 dubito

114 1775 207 1832 quin
229 1775 317 1833 pius
340 1775 467 1818 lector
497 1775 610 1817 tacite
634 1775 726 1817 illud
749 1784 960 1831 agnoscat,
1003 1776 1108 1818 nulla
1133 1790 1186 1818 ex
1210 1776 1324 1818 buius
1348 1775 1481 1818 mundi
1506 1774 1664 1832 propria

115 1842 379 1887 aemulatione
400 1857 624 1887 sermonem
645 1844 751 1886 illum
777 1851 953 1886 nostrum
980 1859 1070 1886 esse
1099 1846 1331 1902 profectum.
1391 1843 1497 1886 Nam
1521 1858 1542 1886 e
1569 1858 1664 1885 con-

114 1911 240 1955 trariu
273 1911 395 1954 tulto
427 1912 511 1969 plus
546 1912 611 1954 ille
645 1912 781 1965 nobis,
823 1914 925 1969 quod
959 1914 1006 1956 ad
1033 1921 1221 1956 externas
1246 1913 1469 1970 disciplinas
1500 1920 1540 1955 et
1563 1913 1665 1954 cari·

116 1985 236 2034 tatem
257 1981 420 2032 attinet,
460 1980 637 2023 utilitatis
667 1982 848 2032 afferret,
890 1981 923 2023 si
948 1996 1035 2024 cum
1059 1989 1196 2024 sancta
1221 1983 1281 2024 dei
1306 1982 1473 2024 ecclesia
1498 1995 1664 2023 concor-

118 2047 221 2090 diter
249 2047 291 2090 in
315 2047 496 2090 omnibus
518 2049 744 2091 consentire
768 2049 913 2103 vellet,
959 2065 1033 2093 nec
1056 2051 1304 2108 peregrinum
1330 2050 1471 2107 aliquid
1494 2058 1533 2092 et
1552 2050 1663 2092 inau-

118 2116 239 2159 ditum
270 2115 491 2158 inveheret.
553 2114 651 2159 Sive
685 2117 806 2173 igitur
842 2118 891 2160 ab
925 2119 992 2161 illo
1013 2120 1221 2173 iactatum,
1255 2120 1342 2162 sive
1367 2120 1416 2161 ab
1440 2120 1525 2162 eius
1547 2119 1663 2162 disci-

118 2183 220 2242 pulis
250 2183 367 2227 aliter
399 2184 695 2241 interpretatum
728 2186 867 2240 dogma
898 2187 971 2229 sub
1003 2188 1195 2231 eiusmodi
1228 2189 1360 2246 specie
1383 2203 1429 2230 ac
1454 2195 1663 2245 praetextu

117 2253 229 2297 velut
256 2253 306 2296 ab
340 2253 443 2296 aliud
468 2252 675 2309 agentibus
695 2254 911 2308 accinitur,
942 2256 990 2298 de
1017 2271 1094 2312 quo
1120 2257 1217 2299 certi
1242 2257 1337 2299 nihil
1358 2258 1551 2299 affirmare
1574 2270 1664 2312 pos-

118 2334 230 2375 sum,
261 2321 355 2364 illud
381 2321 535 2378 quidem
557 2334 676 2378 saepe
696 2321 826 2364 animo
848 2324 1116 2378 versavimus,
1150 2339 1196 2367 ac
1218 2325 1405 2367 maiorem
1433 2326 1472 2367 in
1509 2326 1664 2367 modum

119 2389 406 2449 obstupuimus,
440 2389 547 2432 bisce
566 2388 605 2431 in
626 2389 872 2446 opinionibus
892 2394 1183 2449 propugnandis
1203 2401 1308 2436 tanta
1328 2394 1416 2436 illos
1438 2407 1525 2435 cum
1547 2391 1666 2435 animi

121 2458 375 2502 contentione
395 2472 442 2501 ac
458 2457 654 2515 pugnandi
670 2457 827 2501 libidine
846 2459 909 2502 vel
932 2461 979 2502 ad
1001 2468 1164 2504 mortem
1190 2476 1312 2518 usque
1334 2461 1587 2519 pertinaciter
1606 2460 1666 2502 in-

120 2526 279 2571 sistere.
340 2525 406 2570 Ex
436 2541 512 2583 quo
537 2525 727 2583 suspicari
762 2526 856 2569 illud
883 2529 1080 2582 occurrit,
1114 2543 1165 2572 ex
1193 2530 1270 2572 alio
1295 2530 1460 2587 quodam
1487 2529 1667 2571 recondi-

122 2594 224 2639 tiora
251 2609 372 2638 sensu
402 2595 625 2652 opinionem
656 2594 758 2637 illam
789 2608 879 2637 esse
910 2596 1130 2639 deductam.

232 2662 338 2707 Nam
373 2678 460 2707 cum
494 2677 629 2706 eorum
665 2662 818 2719 aliquos
850 2663 1182 2721 interrogaveris,
1226 2665 1348 2708 variis
1375 2665 1429 2707 illi
1454 2666 1578 2708 modis
1602 2678 1666 2707 re-

122 2732 316 2790 spondere
346 2732 499 2785 solent3
542 2745 616 2774 nec
647 2731 788 2773 desunt
822 2731 886 2787 qui
909 2734 1121 2788 perfectam
1145 2734 1310 2776 bominis
1338 2741 1515 2777 naturam
1543 2735 1666 2777 domi-

124 2812 215 2845 uum
251 2800 510 2858 assumpsisse
544 2807 711 2856 negent,
754 2814 799 2841 ac
832 2801 1047 2856 perlectum
1072 2801 1265 2844 hominem
1292 2803 1488 2844 extitisse.
1551 2803 1667 2859 Quod

125 2873 254 2911 autem
278 2868 327 2911 ab
350 2882 399 2911 eo
423 2868 642 2925 complures
670 2868 952 2922 abhorrebant,
996 2869 1305 2912 dissimulatione
1336 2871 1476 2913 deinde
1499 2872 1554 2914 uti
1576 2886 1667 2915 coe-

126 2942 293 2993 perunt,
335 2936 373 2980 id
393 2937 494 2994 quod
528 2951 599 2979 nos
624 2950 678 2979 ex
706 2936 859 2979 illorum
883 2937 1131 2981 sermonibus
1153 2946 1336 2982 accurate
1358 2947 1496 2997 postea
1521 2956 1668 2998 cogno·

173 3094 250 3129 Cn.
272 3095 371 3129 ΧΧΙ.
395 3113 436 3121 -
488 3097 513 3129 l.
539 3092 651 3131 αὐτῶν
680 3098 769 3131 codd.
797 3106 869 3130 mss.
895 3101 1029 3139 uterque.
1078 3095 1179 3134 αὐτοῦ
1204 3101 1287 3133 editt.

198 3148 318 3187 corpu
336 3149 516 3180 mem-eol.
534 3150 573 3179 u.
593 3152 619 3180 a.
1342 3161 1394 3202 24

1699 475 1799 504 Psalm
1804 496 1811 502 .

1707 511 1768 546 ltu,
1785 514 1810 539 ti.

1707 742 1822 770 Psalm.

1707 778 1752 811 rt,
1767 777 1811 804 w.

1706 814 1770 840 Act.
1790 813 1815 840 1.
