2020 3276
472 257 657 293 rAmun
682 256 840 291 mmm.
865 255 977 290 ΤοΜ.
994 257 1034 290 n.
1059 255 1191 290 nasu.
1208 255 1355 289 Lxxx.
1602 243 1683 283 475

253 334 335 382 Sed
359 337 534 380 deterius
556 337 734 394 quiddam
763 350 809 378 ae
832 336 1072 378 eontrarium
1097 335 1144 378 ab
1173 336 1248 377 inis
1274 335 1448 390 geritur,
1493 330 1684 388 siquidem
1712 333 1792 377 eap.
1818 331 1892 364 vu.

138 405 208 451 isti
227 405 416 459 ‘barb-n,
449 406 524 448 boe
543 412 607 448 est
628 397 822 463 propriam
846 403 922 446 viri
947 405 1109 446 formam
1125 435 1136 456 ‚
1170 411 1376 455 resecant,
1410 401 1571 459 capillos
1588 412 1688 442 vero

137 471 184 519 εἰ
204 474 413 533 plurinum
433 474 670 529 prolixiores
698 473 857 516 habent.
920 472 1041 528 Atqui
1064 473 1164 528 quod
1190 473 1237 514 ad
1263 472 1423 514 barbam
1450 470 1614 520 attinet,
1645 467 1686 509 iu

138 542 422 602 ‘Apostolorum
458 539 816 585 constitutionibus
846 541 979 584 divino
1011 555 1194 583 sermone
1222 555 1267 583 ac
1293 541 1471 596 dogmate
1494 536 1688 596 praescri-

136 610 269 663 bitur,
310 625 362 653 ue
385 624 432 653 ea
459 618 756 668 corrumpatur,
799 610 872 652 hoc
905 617 966 651 est
992 623 1042 651 ne
1067 609 1185 651 barba
1213 616 1403 665 ponatur,
1448 620 1548 649 neve
1572 605 1690 647 meri-

140 680 278 736 trieius
296 679 424 722 cultus
448 686 488 721 et
510 687 674 722 ornatus
699 686 934 736 usurpetur,
967 692 1013 720 ac
1036 692 1086 719 ue
1109 691 1178 734 per
1202 677 1466 734 arrogantiam
1490 683 1529 716 et
1548 675 1687 717 fastum

141 748 323 792 effemi-
358 748 551 804 quaedam
588 747 761 790 iustitiae
803 747 958 803 species
998 746 1037 787 in
1073 760 1292 802 congressu
1333 760 1377 787 ac
1407 742 1691 786 consuetudine

141 816 404 874 praeferatur.
469 814 564 858 nlud
595 815 699 858 enim
731 813 959 858 Nazaraeis
990 815 1184 857 duntaxat
1218 814 1267 856 ob
1302 814 1462 869 figuram
1498 824 1691 867 congrue-

141 884 222 928 bat.
282 882 438 942 Quippe
460 892 619 927 veteres
641 898 711 941 per
736 885 950 926 futurarum
969 897 1102 925 rerum
1124 883 1374 925 adumbratas
1397 882 1590 937 imagines
1611 887 1691 922 tra-

140 952 247 997 ducti
271 960 388 1005 suut3
420 953 529 995 velut
552 967 639 996 eum
666 966 816 994 comam
840 965 892 994 ex
920 959 1011 994 voto
1039 951 1331 1008 promissiorem
1358 950 1591 1000 habuerunt,
1624 949 1693 990 do-

142 1034 216 1065 nee
239 1020 373 1064 muudi
407 1029 540 1063 votum
575 1021 735 1063 advenit
757 1028 798 1062 et
819 1019 1019 1077 impletum
1052 1027 1137 1072 est,
1183 1020 1256 1062 hoc
1290 1026 1351 1061 est
1375 1019 1553 1076 apparuit
1577 1014 1693 1060 Chri-

142 1097 229 1135 stus
244 1090 428 1134 doninus
450 1090 590 1132 unicus
611 1088 674 1132 dei
706 1088 831 1141 filius,
864 1097 905 1130 et
926 1089 1177 1131 innotescere
1209 1088 1353 1130 mundo
1377 1088 1506 1144 coepit
1522 1086 1587 1128 iiie
1608 1085 1694 1142 ipse

143 1158 409 1216 sempiternus
432 1158 610 1214 quidem,
644 1159 712 1199 sed
734 1157 783 1199 ab
803 1157 908 1198 omni
930 1171 1077 1212 genere
1100 1157 1297 1199 bominum
1321 1170 1563 1213 nequaquam
1584 1154 1695 1210 agni-

144 1233 231 1280 tus,
275 1240 411 1269 verum
445 1240 470 1268 a
492 1226 721 1282 quibusdam
754 1225 971 1276 duntaxat,
1014 1226 1077 1282 qui
1110 1226 1149 1267 in
1182 1226 1307 1282 ipsum
1338 1225 1611 1277 crediderant3
1653 1229 1695 1264 ut

143 1295 303 1352 engnito
336 1294 464 1351 capite
493 1294 636 1337 nullam
665 1294 754 1336 huic
780 1293 1031 1350 ignominiam
1059 1295 1320 1350 imponamus.
1381 1292 1484 1336 Nam
1516 1307 1592 1335 non
1617 1299 1694 1334 tam

143 1365 194 1407 de
214 1364 374 1422 proprio
395 1363 586 1419 cuiusque
611 1363 740 1419 capite
771 1362 942 1419 loquitur
965 1362 1192 1419 apostolus,
1237 1376 1350 1418 quam
1373 1362 1420 1404 ab
1443 1376 1492 1404 eo
1514 1361 1553 1403 in
1579 1359 1697 1404 Chri-

144 1438 247 1475 stum
268 1432 395 1489 ipsum
419 1431 624 1474 ludibrium
649 1431 1002 1487 contumeliamque
1026 1431 1195 1473 derivat.
1256 1433 1414 1480 Nonne,
1448 1431 1596 1486 inquit,
1628 1443 1696 1470 na-

146 1509 235 1543 m
253 1504 335 1555 ι’μα
351 1516 422 1542 nos
440 1503 550 1542 docet
569 1502 662 1554 quid
682 1503 742 1541 vir
760 1514 900 1540 comam
922 1503 962 1540 si
978 1503 1129 1541 nutrias
1144 1503 1350 1553 ignominia
1374 1508 1431 1540 est
1451 1502 1538 1540 illi?
1579 1496 1695 1553 Quod

145 1569 299 1627 quidem
321 1568 559 1626 ignominiae
578 1582 704 1624 genus
726 1568 919 1610 laudabile
943 1582 1020 1610 non
1043 1576 1127 1620 est,
1163 1575 1204 1609 ut
1226 1568 1291 1609 ina
1313 1582 1412 1624 quae
1434 1567 1548 1619 dicit,
1581 1570 1696 1620 Igno-

143 1641 296 1679 m‘m'un
316 1639 584 1692 contempnunt
646 1635 790 1692 Neque
814 1637 918 1678 enim
955 1636 1066 1692 quasi
1101 1637 1292 1692 quoddam
1322 1636 1478 1678 virtutis
1510 1635 1694 1686 officium,

145 1705 208 1749 dei
230 1706 321 1748 iuud
341 1719 482 1748 caussa
504 1705 740 1761 suscipitur,
774 1704 929 1747 tametsi
952 1705 1000 1746 ad
1027 1705 1142 1747 deum
1166 1705 1365 1762 pertinere
1391 1705 1595 1756 videatur,
1627 1703 1697 1745 sed

146 1774 446 1818 aeoutentione
477 1787 524 1815 ac
558 1773 776 1830 pertinacia
809 1774 1026 1829 proiectum
1062 1781 1146 1826 est,
1190 1788 1276 1815 cum
1314 1774 1389 1814 iam
1423 1773 1568 1830 pridem
1601 1772 1700 1827 legis

146 1841 293 1886 umbra·
319 1843 520 1900 figuraque
546 1849 841 1899 praetergressa
877 1842 1024 1883 veritas
1056 1843 1139 1898 ipsa
1163 1842 1417 1884 successerit.
1481 1839 1616 1896 Quare
1643 1839 1700 1881 sic

148 1910 352 1969 apostolus
374 1910 576 1953 decernit:
620 1913 670 1951 Si
687 1913 772 1964 quis
797 1912 947 1950 vtile-mr
966 1914 1221 1951 contentiosus
1238 1925 1341 1959 esse,
1385 1924 1454 1951 nos
1475 1912 1585 1950 talem
1608 1923 1698 1950 eon·
1752 1909 1776 1938 ¹·
1798 1909 1870 1937 ⁰⁰¹·

147 1982 379 2021 macunen·
411 1994 486 2020 non
510 1979 710 2027 habemus,
754 1993 823 2019 nec
846 1980 1028 2019 eeclesiae
1056 1981 1128 2019 dei.
1193 1977 1348 2033 Quibus
1382 1978 1513 2020 verbis
1537 1991 1606 2019 eos
1631 1976 1697 2033 qui
1843 1965 1851 1971 ⁵

148 2047 227 2091 tale
246 2047 391 2103 aliquid
414 2046 584 2099 faciunt,
615 2053 657 2088 et
681 2047 928 2088 contentiose
956 2049 1226 2102 refragantur,
1268 2047 1317 2088 ab
1347 2046 1611 2102 apostolorum
1636 2059 1699 2087 re—

147 2116 238 2174 gula
264 2129 312 2158 ae
334 2115 396 2157 dei
427 2113 594 2156 eeclesia
626 2115 932 2157 summovendos
964 2123 1087 2172 putat.
1150 2115 1260 2158 Haec
1289 2115 1409 2170 igitur
1431 2115 1559 2157 omnia
1585 2128 1699 2156 acce·

149 2191 213 2243 pta
235 2198 258 2226 a
277 2181 533 2227 Massaliauis
562 2182 773 2224 occasione
805 2183 937 2225 dicere
962 2184 1230 2226 necessarium
1257 2184 1487 2235 habuimus,
1533 2183 1635 2239 quod
1659 2189 1700 2224 et

148 2253 222 2311 ipsi
253 2251 422 2294 indidem
453 2257 658 2292 contracto
689 2251 885 2308 opinionis
916 2251 1020 2294 illius
1051 2252 1190 2295 morbo
1215 2253 1423 2309 animoque
1454 2251 1654 2308 depravati
1679 2265 1702 2293 a

149 2321 319 2364 veritate
342 2319 597 2371 deciderunt3
630 2319 732 2360 unde
759 2333 862 2361 nova
885 2326 947 2362 est
972 2319 1149 2362 haeresis
1172 2334 1226 2363 ex
1251 2321 1332 2363 otio
1355 2328 1394 2362 et
1415 2320 1571 2375 ignavia
1597 2326 1702 2361 cete·

149 2389 283 2447 risque
315 2388 490 2446 pestibus
520 2387 704 2429 conflata.

264 2456 374 2500 {laec
396 2463 488 2499 sunt
513 2469 612 2512 quae
634 2455 680 2496 de
705 2454 924 2497 istiusmodi
946 2455 1167 2499 bominibus
1193 2457 1433 2513 accepimus,
1467 2456 1531 2511 qui
1554 2455 1697 2497 mundo
1722 2457 1906 2503 Cap-Vll!-

148 2525 198 2570 nd
220 2525 428 2570 ludibrium
455 2523 624 2580 expositi
656 2522 863 2573 videntur,
908 2523 1050 2579 quique
1084 2524 1233 2579 plebeia
1262 2524 1408 2580 ingenii
1439 2525 1499 2566 sui
1521 2538 1638 2565 sensa
1663 2531 1702 2565 et

149 2607 357 2638 ser-oues
378 2599 590 2643 evomunt,
634 2605 679 2634 ac
706 2604 779 2633 nec
802 2590 875 2632 una
905 2591 1085 2634 firmitate
1109 2593 1348 2644 cohaerent,
1392 2600 1430 2634 et
1453 2593 1612 2634 omnino
1634 2593 1702 2634 de·

149 2663 295 2720 sperati
315 2669 408 2706 sunt
430 2670 545 2718 atque
568 2667 683 2703 extra
708 2658 768 2701 dei
794 2658 1105 2702 aedificationem
1128 2661 1346 2703 constituti.
1410 2659 1546 2715 Quare
1568 2660 1701 2716 paucis

150 2730 228 2774 illis
256 2731 447 2773 adversus
489 2744 559 2772 eos
596 2726 799 2784 disputatis
835 2727 882 2768 ad
919 2727 1078 2769 eosdem
1117 2729 1376 2770 confutandos
1409 2729 1697 2784 aggrediemur.

151 2797 351 2856 Principio
372 2798 557 2841 mulieres
579 2811 666 2839 eum
691 2796 788 2837 viris
812 2794 1033 2851 promiscue
1057 2796 1233 2847 versari,
1278 2797 1381 2838 nulla
1407 2810 1459 2839 ex
1485 2797 1609 2839 veteri
1633 2811 1701 2840 eo-

153 2913 283 2947 corma.
306 2913 414 2956 Apost-
430 2914 465 2953 1,
488 2911 522 2947 3,
1000 2908 1032 2943 4.
1071 2905 1192 2954 ἤγοντο
1222 2913 1381 2952 rescripsit
1405 2912 1574 2953 Petuvius,
1608 2921 1702 2953 proe-

197 2955 230 2992 3-
271 2958 521 3001 monteboi
558 2957 635 3000 (sie)
672 2956 741 2989 cod.
778 2955 907 2995 nazary.
953 2959 1041 2988 eunte
1065 2957 1238 2997 cornutio,
1261 2958 1315 2998 qut
1338 2956 1542 2989 ducebantur
1564 2958 1663 2990 vertit.

155 3003 448 3046 κατακοσμείσθαι
480 3005 608 3037 coniecit
644 3004 750 3035 Pemv.
786 3003 908 3032 Corno-
1000 3001 1078 3033 Cn.
1106 3001 1193 3033 tht.
1221 3020 1261 3027 —
1314 3002 1339 3035 Ι.
1371 3003 1456 3035 Libri
1475 3004 1568 3044 vulgo
1590 3006 1702 3047 γυναῖ-

153 3049 221 3081 rias
244 3047 515 3091 κατακομῆσθαι
566 3050 659 3081 Verus
688 3049 769 3079 enim
801 3057 907 3090 neque
953 3057 1021 3086 κες.

154 3092 344 3127 meretricio
367 3104 461 3127 more
484 3093 529 3127 ob
554 3103 680 3127 comam
706 3090 867 3125 effer-ria.
