<?xml version="1.0" encoding="UTF-8"?>
<!DOCTYPE html PUBLIC "-//W3C//DTD XHTML 1.0 Transitional//EN"
    "http://www.w3.org/TR/xhtml1/DTD/xhtml1-transitional.dtd">
<html xmlns="http://www.w3.org/1999/xhtml" xml:lang="en" lang="en">
 <head>
  <title>
</title>
<meta http-equiv="Content-Type" content="text/html;charset=utf-8" />
  <meta name='ocr-system' content='tesseract 3.04.00' />
  <meta name='ocr-capabilities' content='ocr_page ocr_carea ocr_par ocr_line ocrx_word'/>
</head>
<body>
  <div class='ocr_page' id='page_1' title='image "./corporishaereseo23epip_0571.png"; bbox 0 0 2020 3276; ppageno 0'>
   <div class='ocr_carea' id='block_1_1' title="bbox 0 2441 27 3016">
    <p class='ocr_par' dir='ltr' id='par_1_1' title="bbox 0 2441 27 3016">
     <span class='ocr_line' id='line_1_1' title="bbox 0 2441 27 3016; textangle 90"><span class='ocrx_word' id='word_1_1' title='bbox 23 3015 26 3016; x_wconf 19' lang='grc' dir='ltr'><strong>Ἰ</strong></span> <span class='ocrx_word' id='word_1_2' title='bbox 2 2806 27 2986; x_wconf 30' lang='lat' dir='ltr'><strong>‘fidu-‘&#39;¹³³³&#39;‘</strong></span> <span class='ocrx_word' id='word_1_3' title='bbox 3 2716 24 2788; x_wconf 46' lang='lat' dir='ltr'><strong>&#39;&#39;V-⁴⁸·</strong></span> <span class='ocrx_word' id='word_1_4' title='bbox 0 2593 26 2691; x_wconf 50' lang='lat' dir='ltr'><strong>&#39;ft&#39;sstm</strong></span> <span class='ocrx_word' id='word_1_5' title='bbox 11 2540 15 2549; x_wconf 87' lang='grc'><em>,</em></span> <span class='ocrx_word' id='word_1_6' title='bbox 0 2441 20 2521; x_wconf 25' lang='lat' dir='ltr'><strong>,sn-⁴³0»</strong></span> 
     </span>
    </p>
   </div>
   <div class='ocr_carea' id='block_1_2' title="bbox 677 228 1667 278">
    <p class='ocr_par' dir='ltr' id='par_1_2' title="bbox 677 228 1667 278">
     <span class='ocr_line' id='line_1_2' title="bbox 677 228 1667 278; baseline -0.009 0"><span class='ocrx_word' id='word_1_7' title='bbox 677 241 1113 278; x_wconf 59' lang='lat' dir='ltr'><strong>Ausczrnsmsosts.</strong></span> <span class='ocrx_word' id='word_1_8' title='bbox 1585 228 1667 270; x_wconf 85' lang='lat'><strong>559</strong></span> 
     </span>
    </p>
   </div>
   <div class='ocr_carea' id='block_1_3' title="bbox 120 318 1668 516">
    <p class='ocr_par' dir='ltr' id='par_1_3' title="bbox 120 318 1668 516">
     <span class='ocr_line' id='line_1_3' title="bbox 121 318 1667 382; baseline -0.009 -11"><span class='ocrx_word' id='word_1_9' title='bbox 121 334 206 371; x_wconf 68' lang='lat' dir='ltr'><strong>t·-</strong></span> <span class='ocrx_word' id='word_1_10' title='bbox 223 333 288 370; x_wconf 65' lang='lat' dir='ltr'><strong>ut</strong></span> <span class='ocrx_word' id='word_1_11' title='bbox 309 333 352 369; x_wconf 83' lang='lat' dir='ltr'><strong>et</strong></span> <span class='ocrx_word' id='word_1_12' title='bbox 375 340 399 368; x_wconf 94' lang='lat' dir='ltr'><strong>a</strong></span> <span class='ocrx_word' id='word_1_13' title='bbox 417 338 480 367; x_wconf 85' lang='lat' dir='ltr'><strong>me</strong></span> <span class='ocrx_word' id='word_1_14' title='bbox 502 324 639 382; x_wconf 84' lang='lat' dir='ltr'><strong>paucis</strong></span> <span class='ocrx_word' id='word_1_15' title='bbox 669 324 930 380; x_wconf 85' lang='lat' dir='ltr'><strong>explicatum,</strong></span> <span class='ocrx_word' id='word_1_16' title='bbox 971 321 1200 377; x_wconf 83' lang='lat' dir='ltr'><strong>evangelica</strong></span> <span class='ocrx_word' id='word_1_17' title='bbox 1231 320 1382 362; x_wconf 90' lang='lat' dir='ltr'><strong>scilicet</strong></span> <span class='ocrx_word' id='word_1_18' title='bbox 1413 318 1523 369; x_wconf 83' lang='lat' dir='ltr'><strong>lucc,</strong></span> <span class='ocrx_word' id='word_1_19' title='bbox 1566 329 1667 372; x_wconf 83' lang='lat' dir='ltr'><strong>quae</strong></span> 
     </span>
     <span class='ocr_line' id='line_1_4' title="bbox 121 382 1668 448; baseline -0.008 -9"><span class='ocrx_word' id='word_1_20' title='bbox 121 391 328 440; x_wconf 64' lang='lat' dir='ltr'><strong>acaciam</strong></span> <span class='ocrx_word' id='word_1_21' title='bbox 346 394 505 436; x_wconf 88' lang='lat' dir='ltr'><strong>domino</strong></span> <span class='ocrx_word' id='word_1_22' title='bbox 522 390 752 448; x_wconf 75' lang='lat' dir='ltr'>Christique</span> <span class='ocrx_word' id='word_1_23' title='bbox 770 391 969 447; x_wconf 80' lang='lat' dir='ltr'><strong>discipulis</strong></span> <span class='ocrx_word' id='word_1_24' title='bbox 987 390 1073 431; x_wconf 88' lang='lat' dir='ltr'><strong>orbi</strong></span> <span class='ocrx_word' id='word_1_25' title='bbox 1092 397 1284 431; x_wconf 85' lang='lat' dir='ltr'><strong>terrarum</strong></span> <span class='ocrx_word' id='word_1_26' title='bbox 1306 389 1408 430; x_wconf 87' lang='lat' dir='ltr'><strong>illata</strong></span> <span class='ocrx_word' id='word_1_27' title='bbox 1431 385 1517 428; x_wconf 82' lang='lat' dir='ltr'><strong>fuit.</strong></span> <span class='ocrx_word' id='word_1_28' title='bbox 1569 382 1668 439; x_wconf 78' lang='lat' dir='ltr'><strong>Qui—</strong></span> 
     </span>
     <span class='ocr_line' id='line_1_5' title="bbox 120 452 1668 516; baseline -0.009 -9"><span class='ocrx_word' id='word_1_29' title='bbox 120 462 197 507; x_wconf 65' lang='lat' dir='ltr'><strong>ka</strong></span> <span class='ocrx_word' id='word_1_30' title='bbox 218 476 248 507; x_wconf 63' lang='lat' dir='ltr'><strong>a&gt;</strong></span> <span class='ocrx_word' id='word_1_31' title='bbox 268 476 334 506; x_wconf 74' lang='lat' dir='ltr'><strong>me</strong></span> <span class='ocrx_word' id='word_1_32' title='bbox 362 462 479 504; x_wconf 81' lang='lat' dir='ltr'><strong>dictis</strong></span> <span class='ocrx_word' id='word_1_33' title='bbox 505 468 772 504; x_wconf 84' lang='lat' dir='ltr'><strong>consentanea</strong></span> <span class='ocrx_word' id='word_1_34' title='bbox 806 460 991 516; x_wconf 85' lang='lat' dir='ltr'><strong>pleraque</strong></span> <span class='ocrx_word' id='word_1_35' title='bbox 1021 458 1207 513; x_wconf 76' lang='lat' dir='ltr'><strong>colligere</strong></span> <span class='ocrx_word' id='word_1_36' title='bbox 1242 457 1355 507; x_wconf 86' lang='lat' dir='ltr'><strong>licet,</strong></span> <span class='ocrx_word' id='word_1_37' title='bbox 1403 469 1450 496; x_wconf 85' lang='lat' dir='ltr'><strong>ac</strong></span> <span class='ocrx_word' id='word_1_38' title='bbox 1484 452 1668 496; x_wconf 83' lang='lat' dir='ltr'><strong>vaticinia</strong></span> 
     </span>
    </p>
   </div>
   <div class='ocr_carea' id='block_1_4' title="bbox 115 523 1672 586">
    <p class='ocr_par' dir='ltr' id='par_1_4' title="bbox 115 523 1672 586">
     <span class='ocr_line' id='line_1_6' title="bbox 115 523 1672 586; baseline -0.01 -9"><span class='ocrx_word' id='word_1_39' title='bbox 115 539 169 577; x_wconf 71' lang='lat' dir='ltr'><strong>at</strong></span> <span class='ocrx_word' id='word_1_40' title='bbox 184 530 348 575; x_wconf 69' lang='lat' dir='ltr'><strong>mont·</strong></span> <span class='ocrx_word' id='word_1_41' title='bbox 369 543 423 573; x_wconf 86' lang='lat' dir='ltr'><strong>ex</strong></span> <span class='ocrx_word' id='word_1_42' title='bbox 446 531 536 586; x_wconf 84' lang='lat' dir='ltr'><strong>lege</strong></span> <span class='ocrx_word' id='word_1_43' title='bbox 557 530 684 571; x_wconf 86' lang='lat' dir='ltr'><strong>veteri</strong></span> <span class='ocrx_word' id='word_1_44' title='bbox 698 561 710 580; x_wconf 94' lang='lat'>‚</span> <span class='ocrx_word' id='word_1_45' title='bbox 742 529 806 570; x_wconf 84' lang='lat' dir='ltr'><strong>vel</strong></span> <span class='ocrx_word' id='word_1_46' title='bbox 837 526 1007 570; x_wconf 82' lang='lat' dir='ltr'><strong>Psalmis</strong></span> <span class='ocrx_word' id='word_1_47' title='bbox 1033 527 1197 581; x_wconf 88' lang='lat' dir='ltr'><strong>aliisque</strong></span> <span class='ocrx_word' id='word_1_48' title='bbox 1218 525 1328 567; x_wconf 87' lang='lat' dir='ltr'><strong>libris</strong></span> <span class='ocrx_word' id='word_1_49' title='bbox 1349 523 1599 579; x_wconf 86' lang='lat' dir='ltr'><strong>conquirere,</strong></span> <span class='ocrx_word' id='word_1_50' title='bbox 1631 528 1672 563; x_wconf 87' lang='lat' dir='ltr'><strong>et</strong></span> 
     </span>
    </p>
   </div>
   <div class='ocr_carea' id='block_1_5' title="bbox 121 591 1679 2637">
    <p class='ocr_par' dir='ltr' id='par_1_5' title="bbox 121 591 1673 928">
     <span class='ocr_line' id='line_1_7' title="bbox 124 591 1670 653; baseline -0.009 -9"><span class='ocrx_word' id='word_1_51' title='bbox 124 600 297 644; x_wconf 68' lang='lat' dir='ltr'><strong>omnium</strong></span> <span class='ocrx_word' id='word_1_52' title='bbox 334 600 480 643; x_wconf 83' lang='lat' dir='ltr'><strong>seriem</strong></span> <span class='ocrx_word' id='word_1_53' title='bbox 510 598 764 653; x_wconf 79' lang='lat' dir='ltr'><strong>ordinemque</strong></span> <span class='ocrx_word' id='word_1_54' title='bbox 798 596 1063 653; x_wconf 85' lang='lat' dir='ltr'><strong>perscrutari,</strong></span> <span class='ocrx_word' id='word_1_55' title='bbox 1112 609 1163 636; x_wconf 83' lang='lat' dir='ltr'><strong>ex</strong></span> <span class='ocrx_word' id='word_1_56' title='bbox 1199 595 1325 649; x_wconf 88' lang='lat' dir='ltr'><strong>iisque</strong></span> <span class='ocrx_word' id='word_1_57' title='bbox 1361 591 1670 634; x_wconf 68' lang='lat' dir='ltr'><strong>incarnationem</strong></span> 
     </span>
     <span class='ocr_line' id='line_1_8' title="bbox 124 660 1670 724; baseline -0.008 -12"><span class='ocrx_word' id='word_1_58' title='bbox 124 665 278 712; x_wconf 65' lang='lat' dir='ltr'><strong>cti-iffi</strong></span> <span class='ocrx_word' id='word_1_59' title='bbox 299 667 447 710; x_wconf 77' lang='lat' dir='ltr'><strong>domini</strong></span> <span class='ocrx_word' id='word_1_60' title='bbox 475 666 681 724; x_wconf 86' lang='lat' dir='ltr'><strong>perspicue</strong></span> <span class='ocrx_word' id='word_1_61' title='bbox 705 665 961 721; x_wconf 89' lang='lat' dir='ltr'><strong>comprobare</strong></span> <span class='ocrx_word' id='word_1_62' title='bbox 986 678 1064 705; x_wconf 88' lang='lat' dir='ltr'><strong>non</strong></span> <span class='ocrx_word' id='word_1_63' title='bbox 1088 663 1396 719; x_wconf 69' lang='lat' dir='ltr'><strong>supposititiam,</strong></span> <span class='ocrx_word' id='word_1_64' title='bbox 1443 660 1511 701; x_wconf 89' lang='lat' dir='ltr'><strong>sed</strong></span> <span class='ocrx_word' id='word_1_65' title='bbox 1535 672 1670 700; x_wconf 88' lang='lat' dir='ltr'><strong>veram</strong></span> 
     </span>
     <span class='ocr_line' id='line_1_9' title="bbox 121 727 1673 791; baseline -0.008 -11"><span class='ocrx_word' id='word_1_66' title='bbox 121 734 335 788; x_wconf 70' lang='lat' dir='ltr'><strong>extitisse,</strong></span> <span class='ocrx_word' id='word_1_67' title='bbox 377 744 494 791; x_wconf 87' lang='lat' dir='ltr'><strong>atque</strong></span> <span class='ocrx_word' id='word_1_68' title='bbox 518 736 558 777; x_wconf 89' lang='lat' dir='ltr'><strong>iu</strong></span> <span class='ocrx_word' id='word_1_69' title='bbox 585 735 672 790; x_wconf 84' lang='lat' dir='ltr'><strong>lege</strong></span> <span class='ocrx_word' id='word_1_70' title='bbox 690 733 817 775; x_wconf 80' lang='lat' dir='ltr'><strong>veteri</strong></span> <span class='ocrx_word' id='word_1_71' title='bbox 842 732 1084 784; x_wconf 86' lang='lat' dir='ltr'><strong>nuntiatam,</strong></span> <span class='ocrx_word' id='word_1_72' title='bbox 1127 739 1169 773; x_wconf 92' lang='lat' dir='ltr'><strong>ut</strong></span> <span class='ocrx_word' id='word_1_73' title='bbox 1190 731 1238 772; x_wconf 86' lang='lat' dir='ltr'><strong>de</strong></span> <span class='ocrx_word' id='word_1_74' title='bbox 1263 743 1312 771; x_wconf 88' lang='lat' dir='ltr'><strong>eo</strong></span> <span class='ocrx_word' id='word_1_75' title='bbox 1334 729 1463 770; x_wconf 86' lang='lat' dir='ltr'><strong>nullus</strong></span> <span class='ocrx_word' id='word_1_76' title='bbox 1490 728 1543 769; x_wconf 91' lang='lat' dir='ltr'><strong>sit</strong></span> <span class='ocrx_word' id='word_1_77' title='bbox 1562 727 1673 768; x_wconf 91' lang='lat' dir='ltr'><strong>dubi-</strong></span> 
     </span>
     <span class='ocr_line' id='line_1_10' title="bbox 122 797 1673 857; baseline -0.009 -7"><span class='ocrx_word' id='word_1_78' title='bbox 122 805 234 850; x_wconf 59' lang='lat' dir='ltr'><strong>hafl&#39;</strong></span> <span class='ocrx_word' id='word_1_79' title='bbox 265 805 379 848; x_wconf 68' lang='lat' dir='ltr'><strong>tosus</strong></span> <span class='ocrx_word' id='word_1_80' title='bbox 400 804 580 846; x_wconf 85' lang='lat' dir='ltr'><strong>relictus.</strong></span> <span class='ocrx_word' id='word_1_81' title='bbox 642 801 724 845; x_wconf 89' lang='lat' dir='ltr'><strong>Sed</strong></span> <span class='ocrx_word' id='word_1_82' title='bbox 745 815 794 843; x_wconf 88' lang='lat' dir='ltr'><strong>ne</strong></span> <span class='ocrx_word' id='word_1_83' title='bbox 816 802 930 843; x_wconf 91' lang='lat' dir='ltr'><strong>buius</strong></span> <span class='ocrx_word' id='word_1_84' title='bbox 953 801 1086 857; x_wconf 88' lang='lat' dir='ltr'><strong>operis</strong></span> <span class='ocrx_word' id='word_1_85' title='bbox 1113 799 1296 841; x_wconf 85' lang='lat' dir='ltr'><strong>tractatio</strong></span> <span class='ocrx_word' id='word_1_86' title='bbox 1326 798 1364 839; x_wconf 91' lang='lat' dir='ltr'><strong>in</strong></span> <span class='ocrx_word' id='word_1_87' title='bbox 1387 797 1579 838; x_wconf 80' lang='lat' dir='ltr'><strong>infinitum</strong></span> <span class='ocrx_word' id='word_1_88' title='bbox 1600 809 1673 837; x_wconf 86' lang='lat' dir='ltr'><strong>ex-</strong></span> 
     </span>
     <span class='ocr_line' id='line_1_11' title="bbox 124 867 1180 928; baseline -0.009 -10"><span class='ocrx_word' id='word_1_89' title='bbox 124 881 304 926; x_wconf 66' lang='lat' dir='ltr'><strong>emat,</strong></span> <span class='ocrx_word' id='word_1_90' title='bbox 336 871 397 915; x_wconf 79' lang='lat' dir='ltr'><strong>bis</strong></span> <span class='ocrx_word' id='word_1_91' title='bbox 426 886 528 928; x_wconf 81' lang='lat' dir='ltr'><strong>quae</strong></span> <span class='ocrx_word' id='word_1_92' title='bbox 557 870 661 913; x_wconf 90' lang='lat' dir='ltr'><strong>dicta</strong></span> <span class='ocrx_word' id='word_1_93' title='bbox 690 877 783 912; x_wconf 89' lang='lat' dir='ltr'><strong>suut</strong></span> <span class='ocrx_word' id='word_1_94' title='bbox 811 870 958 911; x_wconf 86' lang='lat' dir='ltr'><strong>erimus</strong></span> <span class='ocrx_word' id='word_1_95' title='bbox 987 867 1180 911; x_wconf 85' lang='lat' dir='ltr'><strong>contenti.</strong></span> 
     </span>
    </p>

    <p class='ocr_par' dir='ltr' id='par_1_6' title="bbox 126 935 1671 1069">
     <span class='ocr_line' id='line_1_12' title="bbox 236 935 1671 997; baseline -0.007 -13"><span class='ocrx_word' id='word_1_96' title='bbox 236 941 303 985; x_wconf 74' lang='lat' dir='ltr'><strong>Ac</strong></span> <span class='ocrx_word' id='word_1_97' title='bbox 328 941 517 997; x_wconf 76' lang='lat' dir='ltr'><strong>deinceps</strong></span> <span class='ocrx_word' id='word_1_98' title='bbox 548 940 756 996; x_wconf 80' lang='lat' dir='ltr'><strong>opiniones</strong></span> <span class='ocrx_word' id='word_1_99' title='bbox 787 938 897 989; x_wconf 91' lang='lat' dir='ltr'><strong>illas,</strong></span> <span class='ocrx_word' id='word_1_100' title='bbox 942 950 1042 993; x_wconf 83' lang='lat' dir='ltr'><strong>quae</strong></span> <span class='ocrx_word' id='word_1_101' title='bbox 1073 937 1113 978; x_wconf 87' lang='lat' dir='ltr'><strong>in</strong></span> <span class='ocrx_word' id='word_1_102' title='bbox 1151 936 1349 978; x_wconf 86' lang='lat' dir='ltr'><strong>hominum</strong></span> <span class='ocrx_word' id='word_1_103' title='bbox 1379 935 1498 976; x_wconf 85' lang='lat' dir='ltr'><strong>vitam</strong></span> <span class='ocrx_word' id='word_1_104' title='bbox 1532 940 1671 990; x_wconf 85' lang='lat' dir='ltr'><strong>postea</strong></span> 
     </span>
     <span class='ocr_line' id='line_1_13' title="bbox 126 1004 1611 1069; baseline -0.007 -16"><span class='ocrx_word' id='word_1_105' title='bbox 126 1009 298 1069; x_wconf 75' lang='lat' dir='ltr'><strong>pessimo</strong></span> <span class='ocrx_word' id='word_1_106' title='bbox 328 1009 462 1052; x_wconf 89' lang='lat' dir='ltr'><strong>colore</strong></span> <span class='ocrx_word' id='word_1_107' title='bbox 491 1023 538 1050; x_wconf 88' lang='lat' dir='ltr'><strong>ac</strong></span> <span class='ocrx_word' id='word_1_108' title='bbox 567 1009 699 1065; x_wconf 87' lang='lat' dir='ltr'><strong>specie</strong></span> <span class='ocrx_word' id='word_1_109' title='bbox 730 1007 906 1064; x_wconf 89' lang='lat' dir='ltr'><strong>prolatae</strong></span> <span class='ocrx_word' id='word_1_110' title='bbox 936 1013 1053 1057; x_wconf 89' lang='lat' dir='ltr'><strong>sunt,</strong></span> <span class='ocrx_word' id='word_1_111' title='bbox 1086 1005 1223 1046; x_wconf 87' lang='lat' dir='ltr'><strong>eadem</strong></span> <span class='ocrx_word' id='word_1_112' title='bbox 1255 1004 1360 1045; x_wconf 88' lang='lat' dir='ltr'><strong>serie</strong></span> <span class='ocrx_word' id='word_1_113' title='bbox 1391 1012 1611 1059; x_wconf 84' lang='lat' dir='ltr'><strong>pertexam.</strong></span> 
     </span>
    </p>

    <p class='ocr_par' dir='ltr' id='par_1_7' title="bbox 124 1069 1676 1820">
     <span class='ocr_line' id='line_1_14' title="bbox 215 1069 1670 1133; baseline -0.007 -12"><span class='ocrx_word' id='word_1_114' title='bbox 215 1077 352 1121; x_wconf 52' lang='lat' dir='ltr'><strong>*llaec</strong></span> <span class='ocrx_word' id='word_1_115' title='bbox 379 1085 474 1120; x_wconf 89' lang='lat' dir='ltr'><strong>sunt</strong></span> <span class='ocrx_word' id='word_1_116' title='bbox 507 1091 608 1133; x_wconf 82' lang='lat' dir='ltr'><strong>quac</strong></span> <span class='ocrx_word' id='word_1_117' title='bbox 638 1077 679 1119; x_wconf 94' lang='lat' dir='ltr'><strong>in</strong></span> <span class='ocrx_word' id='word_1_118' title='bbox 712 1077 888 1119; x_wconf 87' lang='lat' dir='ltr'><strong>secundo</strong></span> <span class='ocrx_word' id='word_1_119' title='bbox 920 1082 1027 1116; x_wconf 91' lang='lat' dir='ltr'><strong>tomo</strong></span> <span class='ocrx_word' id='word_1_120' title='bbox 1057 1074 1145 1115; x_wconf 84' lang='lat' dir='ltr'><strong>libri</strong></span> <span class='ocrx_word' id='word_1_121' title='bbox 1174 1073 1287 1130; x_wconf 88' lang='lat' dir='ltr'><strong>primi</strong></span> <span class='ocrx_word' id='word_1_122' title='bbox 1314 1072 1589 1122; x_wconf 88' lang='lat' dir='ltr'><strong>continentur,</strong></span> <span class='ocrx_word' id='word_1_123' title='bbox 1630 1069 1670 1111; x_wconf 91' lang='lat' dir='ltr'><strong>in</strong></span> 
     </span>
     <span class='ocr_line' id='line_1_15' title="bbox 124 1137 1671 1205; baseline -0.007 -15"><span class='ocrx_word' id='word_1_124' title='bbox 124 1144 334 1205; x_wconf 63' lang='grc' dir='ltr'><strong>φοΧΙΙΙ</strong></span> <span class='ocrx_word' id='word_1_125' title='bbox 365 1146 553 1189; x_wconf 80' lang='lat' dir='ltr'><strong>haereses</strong></span> <span class='ocrx_word' id='word_1_126' title='bbox 583 1145 857 1201; x_wconf 71' lang='lat' dir='ltr'><strong>explicantur,</strong></span> <span class='ocrx_word' id='word_1_127' title='bbox 903 1157 1066 1200; x_wconf 88' lang='lat' dir='ltr'><strong>quarum</strong></span> <span class='ocrx_word' id='word_1_128' title='bbox 1101 1142 1224 1199; x_wconf 90' lang='lat' dir='ltr'><strong>prima</strong></span> <span class='ocrx_word' id='word_1_129' title='bbox 1260 1148 1323 1183; x_wconf 90' lang='lat' dir='ltr'><strong>est</strong></span> <span class='ocrx_word' id='word_1_130' title='bbox 1347 1138 1521 1183; x_wconf 87' lang='lat' dir='ltr'><strong>Simonis</strong></span> <span class='ocrx_word' id='word_1_131' title='bbox 1543 1137 1671 1193; x_wconf 76' lang='lat' dir='ltr'><strong>Magi,</strong></span> 
     </span>
     <span class='ocr_line' id='line_1_16' title="bbox 124 1209 1672 1272; baseline -0.007 -13"><span class='ocrx_word' id='word_1_132' title='bbox 124 1216 195 1272; x_wconf 51' lang='grc' dir='ltr'><strong>μ’</strong></span> <span class='ocrx_word' id='word_1_133' title='bbox 212 1215 345 1258; x_wconf 74' lang='lat' dir='ltr'><strong>atatim</strong></span> <span class='ocrx_word' id='word_1_134' title='bbox 375 1222 465 1270; x_wconf 83' lang='lat' dir='ltr'><strong>post</strong></span> <span class='ocrx_word' id='word_1_135' title='bbox 485 1211 688 1257; x_wconf 74' lang='lat' dir='ltr'><strong>Christum</strong></span> <span class='ocrx_word' id='word_1_136' title='bbox 723 1211 1039 1270; x_wconf 75' lang='lat' dir='ltr'><strong>praedicantibus</strong></span> <span class='ocrx_word' id='word_1_137' title='bbox 1063 1211 1188 1253; x_wconf 86' lang='lat' dir='ltr'><strong>adhuc</strong></span> <span class='ocrx_word' id='word_1_138' title='bbox 1212 1210 1402 1266; x_wconf 90' lang='lat' dir='ltr'><strong>apostolis</strong></span> <span class='ocrx_word' id='word_1_139' title='bbox 1425 1209 1610 1258; x_wconf 83' lang='lat' dir='ltr'><strong>emersit,</strong></span> <span class='ocrx_word' id='word_1_140' title='bbox 1650 1221 1672 1247; x_wconf 85' lang='lat' dir='ltr'><strong>a</strong></span> 
     </span>
     <span class='ocr_line' id='line_1_17' title="bbox 127 1274 1673 1341; baseline -0.006 -15"><span class='ocrx_word' id='word_1_141' title='bbox 127 1297 207 1341; x_wconf 71' lang='lat' dir='ltr'><strong>qua</strong></span> <span class='ocrx_word' id='word_1_142' title='bbox 231 1281 453 1327; x_wconf 78' lang='lat' dir='ltr'><strong>Simoniani</strong></span> <span class='ocrx_word' id='word_1_143' title='bbox 481 1282 584 1324; x_wconf 92' lang='lat' dir='ltr'><strong>illius</strong></span> <span class='ocrx_word' id='word_1_144' title='bbox 606 1281 786 1323; x_wconf 86' lang='lat' dir='ltr'><strong>haeresis</strong></span> <span class='ocrx_word' id='word_1_145' title='bbox 807 1288 1030 1323; x_wconf 82' lang='lat' dir='ltr'><strong>sectatores</strong></span> <span class='ocrx_word' id='word_1_146' title='bbox 1051 1278 1231 1336; x_wconf 88' lang='lat' dir='ltr'><strong>appellati</strong></span> <span class='ocrx_word' id='word_1_147' title='bbox 1254 1285 1361 1320; x_wconf 88' lang='lat' dir='ltr'><strong>sunt.</strong></span> <span class='ocrx_word' id='word_1_148' title='bbox 1424 1276 1500 1318; x_wconf 84' lang='lat' dir='ltr'><strong>Hic</strong></span> <span class='ocrx_word' id='word_1_149' title='bbox 1523 1291 1576 1318; x_wconf 82' lang='lat' dir='ltr'><strong>ex</strong></span> <span class='ocrx_word' id='word_1_150' title='bbox 1598 1274 1673 1318; x_wconf 89' lang='lat' dir='ltr'><strong>Sa-</strong></span> 
     </span>
     <span class='ocr_line' id='line_1_18' title="bbox 126 1346 1674 1407; baseline -0.006 -12"><span class='ocrx_word' id='word_1_151' title='bbox 126 1351 278 1396; x_wconf 63' lang='lat' dir='ltr'><strong>mariae</strong></span> <span class='ocrx_word' id='word_1_152' title='bbox 312 1352 403 1394; x_wconf 77' lang='lat' dir='ltr'><strong>vico</strong></span> <span class='ocrx_word' id='word_1_153' title='bbox 435 1352 602 1407; x_wconf 85' lang='lat' dir='ltr'><strong>quodam</strong></span> <span class='ocrx_word' id='word_1_154' title='bbox 629 1348 777 1392; x_wconf 86' lang='lat' dir='ltr'><strong>Gittbis</strong></span> <span class='ocrx_word' id='word_1_155' title='bbox 811 1349 1001 1391; x_wconf 87' lang='lat' dir='ltr'><strong>oriundus</strong></span> <span class='ocrx_word' id='word_1_156' title='bbox 1023 1346 1225 1391; x_wconf 83' lang='lat' dir='ltr'><strong>Christum</strong></span> <span class='ocrx_word' id='word_1_157' title='bbox 1253 1346 1410 1388; x_wconf 85' lang='lat' dir='ltr'><strong>nomine</strong></span> <span class='ocrx_word' id='word_1_158' title='bbox 1445 1353 1560 1387; x_wconf 89' lang='lat' dir='ltr'><strong>tenus</strong></span> <span class='ocrx_word' id='word_1_159' title='bbox 1584 1359 1674 1401; x_wconf 92' lang='lat' dir='ltr'><strong>pro-</strong></span> 
     </span>
     <span class='ocr_line' id='line_1_19' title="bbox 126 1413 1673 1472; baseline -0.006 -8"><span class='ocrx_word' id='word_1_160' title='bbox 126 1421 362 1472; x_wconf 65' lang='lat' dir='ltr'><strong>summ,</strong></span> <span class='ocrx_word' id='word_1_161' title='bbox 405 1427 544 1462; x_wconf 88' lang='lat' dir='ltr'><strong>auctor</strong></span> <span class='ocrx_word' id='word_1_162' title='bbox 575 1419 767 1461; x_wconf 76' lang='lat' dir='ltr'><strong>nefandae</strong></span> <span class='ocrx_word' id='word_1_163' title='bbox 799 1417 1055 1460; x_wconf 80' lang='lat' dir='ltr'><strong>obscenitatis</strong></span> <span class='ocrx_word' id='word_1_164' title='bbox 1083 1424 1123 1459; x_wconf 91' lang='lat' dir='ltr'><strong>et</strong></span> <span class='ocrx_word' id='word_1_165' title='bbox 1154 1414 1457 1472; x_wconf 84' lang='lat' dir='ltr'><strong>inquinatissimi</strong></span> <span class='ocrx_word' id='word_1_166' title='bbox 1491 1413 1673 1455; x_wconf 87' lang='lat' dir='ltr'><strong>concubi·</strong></span> 
     </span>
     <span class='ocr_line' id='line_1_20' title="bbox 125 1481 1674 1544; baseline -0.006 -13"><span class='ocrx_word' id='word_1_167' title='bbox 125 1495 209 1532; x_wconf 64' lang='lat' dir='ltr'><strong>tu.</strong></span> <span class='ocrx_word' id='word_1_168' title='bbox 266 1486 481 1531; x_wconf 78' lang='lat' dir='ltr'><strong>Praeterea</strong></span> <span class='ocrx_word' id='word_1_169' title='bbox 515 1486 758 1544; x_wconf 87' lang='lat' dir='ltr'><strong>promiscuas</strong></span> <span class='ocrx_word' id='word_1_170' title='bbox 777 1500 928 1529; x_wconf 87' lang='lat' dir='ltr'><strong>uxores</strong></span> <span class='ocrx_word' id='word_1_171' title='bbox 949 1499 1040 1528; x_wconf 87' lang='lat' dir='ltr'><strong>esse</strong></span> <span class='ocrx_word' id='word_1_172' title='bbox 1064 1485 1203 1527; x_wconf 87' lang='lat' dir='ltr'><strong>voluit.</strong></span> <span class='ocrx_word' id='word_1_173' title='bbox 1266 1481 1446 1540; x_wconf 81' lang='lat' dir='ltr'><strong>Corpora</strong></span> <span class='ocrx_word' id='word_1_174' title='bbox 1470 1489 1590 1538; x_wconf 86' lang='lat' dir='ltr'><strong>negat</strong></span> <span class='ocrx_word' id='word_1_175' title='bbox 1611 1495 1674 1523; x_wconf 88' lang='lat' dir='ltr'><strong>re-</strong></span> 
     </span>
     <span class='ocr_line' id='line_1_21' title="bbox 125 1549 1673 1615; baseline -0.006 -15"><span class='ocrx_word' id='word_1_176' title='bbox 125 1570 320 1615; x_wconf 61' lang='grc' dir='ltr'><strong>..με-ο,</strong></span> <span class='ocrx_word' id='word_1_177' title='bbox 365 1570 438 1599; x_wconf 85' lang='lat' dir='ltr'><strong>nee</strong></span> <span class='ocrx_word' id='word_1_178' title='bbox 465 1570 487 1597; x_wconf 89' lang='lat' dir='ltr'><strong>a</strong></span> <span class='ocrx_word' id='word_1_179' title='bbox 521 1557 596 1597; x_wconf 90' lang='lat' dir='ltr'><strong>deo</strong></span> <span class='ocrx_word' id='word_1_180' title='bbox 630 1555 814 1597; x_wconf 85' lang='lat' dir='ltr'><strong>mundum</strong></span> <span class='ocrx_word' id='word_1_181' title='bbox 851 1554 1083 1596; x_wconf 80' lang='lat' dir='ltr'><strong>fabricatum</strong></span> <span class='ocrx_word' id='word_1_182' title='bbox 1115 1567 1207 1595; x_wconf 88' lang='lat' dir='ltr'><strong>esse</strong></span> <span class='ocrx_word' id='word_1_183' title='bbox 1239 1552 1390 1594; x_wconf 81' lang='lat' dir='ltr'><strong>statuit.</strong></span> <span class='ocrx_word' id='word_1_184' title='bbox 1460 1549 1673 1606; x_wconf 75' lang='lat' dir='ltr'><strong>imaginem</strong></span> 
     </span>
     <span class='ocr_line' id='line_1_22' title="bbox 127 1617 1676 1684; baseline -0.006 -16"><span class='ocrx_word' id='word_1_185' title='bbox 127 1638 250 1684; x_wconf 70' lang='lat' dir='ltr'><strong>paam</strong></span> <span class='ocrx_word' id='word_1_186' title='bbox 273 1639 385 1668; x_wconf 76' lang='lat' dir='ltr'><strong>suam</strong></span> <span class='ocrx_word' id='word_1_187' title='bbox 411 1624 612 1680; x_wconf 72' lang='lat' dir='ltr'><strong>scottique</strong></span> <span class='ocrx_word' id='word_1_188' title='bbox 637 1623 725 1675; x_wconf 89' lang='lat' dir='ltr'><strong>sui,</strong></span> <span class='ocrx_word' id='word_1_189' title='bbox 768 1624 926 1665; x_wconf 84' lang='lat' dir='ltr'><strong>nomine</strong></span> <span class='ocrx_word' id='word_1_190' title='bbox 960 1622 1163 1672; x_wconf 78' lang='lat' dir='ltr'><strong>Helenae,</strong></span> <span class='ocrx_word' id='word_1_191' title='bbox 1207 1621 1280 1664; x_wconf 92' lang='lat' dir='ltr'><strong>sub</strong></span> <span class='ocrx_word' id='word_1_192' title='bbox 1311 1619 1418 1662; x_wconf 83' lang='lat' dir='ltr'><strong>lovis</strong></span> <span class='ocrx_word' id='word_1_193' title='bbox 1453 1634 1500 1661; x_wconf 89' lang='lat' dir='ltr'><strong>ac</strong></span> <span class='ocrx_word' id='word_1_194' title='bbox 1523 1617 1676 1661; x_wconf 86' lang='lat' dir='ltr'><strong>Miner-</strong></span> 
     </span>
     <span class='ocr_line' id='line_1_23' title="bbox 126 1687 1676 1752; baseline -0.006 -14"><span class='ocrx_word' id='word_1_195' title='bbox 126 1706 206 1739; x_wconf 62' lang='lat' dir='ltr'><strong>m</strong></span> <span class='ocrx_word' id='word_1_196' title='bbox 224 1694 360 1752; x_wconf 72' lang='lat' dir='ltr'><strong>specie</strong></span> <span class='ocrx_word' id='word_1_197' title='bbox 383 1692 583 1749; x_wconf 77' lang='lat' dir='ltr'><strong>discipulis</strong></span> <span class='ocrx_word' id='word_1_198' title='bbox 604 1692 843 1734; x_wconf 83' lang='lat' dir='ltr'><strong>adorandam</strong></span> <span class='ocrx_word' id='word_1_199' title='bbox 866 1691 1050 1733; x_wconf 89' lang='lat' dir='ltr'><strong>obtrusit.</strong></span> <span class='ocrx_word' id='word_1_200' title='bbox 1112 1690 1228 1746; x_wconf 82' lang='lat' dir='ltr'><strong>Apud</strong></span> <span class='ocrx_word' id='word_1_201' title='bbox 1253 1688 1474 1731; x_wconf 85' lang='lat' dir='ltr'><strong>Samaritas</strong></span> <span class='ocrx_word' id='word_1_202' title='bbox 1506 1701 1576 1744; x_wconf 90' lang='lat' dir='ltr'><strong>pro</strong></span> <span class='ocrx_word' id='word_1_203' title='bbox 1602 1687 1676 1729; x_wconf 90' lang='lat' dir='ltr'><strong>deo</strong></span> 
     </span>
     <span class='ocr_line' id='line_1_24' title="bbox 128 1758 1361 1820; baseline -0.006 -14"><span class='ocrx_word' id='word_1_204' title='bbox 128 1769 242 1820; x_wconf 73' lang='lat' dir='ltr'><strong>pain</strong></span> <span class='ocrx_word' id='word_1_205' title='bbox 268 1775 314 1805; x_wconf 81' lang='lat' dir='ltr'><strong>se</strong></span> <span class='ocrx_word' id='word_1_206' title='bbox 344 1762 551 1805; x_wconf 83' lang='lat' dir='ltr'><strong>venditans</strong></span> <span class='ocrx_word' id='word_1_207' title='bbox 582 1760 735 1802; x_wconf 88' lang='lat' dir='ltr'><strong>ludaeis</strong></span> <span class='ocrx_word' id='word_1_208' title='bbox 764 1758 966 1803; x_wconf 80' lang='lat' dir='ltr'><strong>Christum</strong></span> <span class='ocrx_word' id='word_1_209' title='bbox 997 1773 1041 1801; x_wconf 90' lang='lat' dir='ltr'><strong>se</strong></span> <span class='ocrx_word' id='word_1_210' title='bbox 1070 1772 1163 1801; x_wconf 88' lang='lat' dir='ltr'><strong>esse</strong></span> <span class='ocrx_word' id='word_1_211' title='bbox 1191 1758 1361 1800; x_wconf 88' lang='lat' dir='ltr'><strong>dicebat.</strong></span> 
     </span>
    </p>

    <p class='ocr_par' dir='ltr' id='par_1_8' title="bbox 132 1825 1676 2024">
     <span class='ocr_line' id='line_1_25' title="bbox 243 1825 1676 1884; baseline -0.005 -11"><span class='ocrx_word' id='word_1_212' title='bbox 243 1828 521 1874; x_wconf 68' lang='lat' dir='ltr'><strong>uenwdriani</strong></span> <span class='ocrx_word' id='word_1_213' title='bbox 545 1843 567 1870; x_wconf 92' lang='lat' dir='ltr'><strong>a</strong></span> <span class='ocrx_word' id='word_1_214' title='bbox 589 1827 813 1871; x_wconf 81' lang='lat' dir='ltr'><strong>Menandro</strong></span> <span class='ocrx_word' id='word_1_215' title='bbox 836 1829 1000 1884; x_wconf 87' lang='lat' dir='ltr'><strong>quodam</strong></span> <span class='ocrx_word' id='word_1_216' title='bbox 1027 1828 1218 1883; x_wconf 80' lang='lat' dir='ltr'><strong>originem</strong></span> <span class='ocrx_word' id='word_1_217' title='bbox 1241 1833 1472 1877; x_wconf 87' lang='lat' dir='ltr'><strong>traxerunt,</strong></span> <span class='ocrx_word' id='word_1_218' title='bbox 1504 1825 1567 1881; x_wconf 88' lang='lat' dir='ltr'><strong>qui</strong></span> <span class='ocrx_word' id='word_1_219' title='bbox 1588 1839 1676 1866; x_wconf 89' lang='lat' dir='ltr'><strong>cer-</strong></span> 
     </span>
     <span class='ocr_line' id='line_1_26' title="bbox 133 1894 1675 1954; baseline -0.005 -12"><span class='ocrx_word' id='word_1_220' title='bbox 133 1898 186 1943; x_wconf 85' lang='lat' dir='ltr'><strong>tia</strong></span> <span class='ocrx_word' id='word_1_221' title='bbox 218 1898 262 1942; x_wconf 77' lang='lat' dir='ltr'><strong>ia</strong></span> <span class='ocrx_word' id='word_1_222' title='bbox 293 1898 413 1941; x_wconf 81' lang='lat' dir='ltr'><strong>rebus</strong></span> <span class='ocrx_word' id='word_1_223' title='bbox 446 1911 471 1940; x_wconf 91' lang='lat' dir='ltr'><strong>a</strong></span> <span class='ocrx_word' id='word_1_224' title='bbox 501 1895 744 1940; x_wconf 88' lang='lat' dir='ltr'><strong>Simonianis</strong></span> <span class='ocrx_word' id='word_1_225' title='bbox 776 1896 1051 1954; x_wconf 84' lang='lat' dir='ltr'><strong>discrepabat,</strong></span> <span class='ocrx_word' id='word_1_226' title='bbox 1093 1897 1278 1938; x_wconf 90' lang='lat' dir='ltr'><strong>mundum</strong></span> <span class='ocrx_word' id='word_1_227' title='bbox 1311 1909 1407 1937; x_wconf 87' lang='lat' dir='ltr'><strong>vero</strong></span> <span class='ocrx_word' id='word_1_228' title='bbox 1440 1895 1489 1936; x_wconf 85' lang='lat' dir='ltr'><strong>ab</strong></span> <span class='ocrx_word' id='word_1_229' title='bbox 1524 1894 1675 1950; x_wconf 82' lang='lat' dir='ltr'><strong>angelis</strong></span> 
     </span>
     <span class='ocr_line' id='line_1_27' title="bbox 132 1966 764 2024; baseline -0.005 -13"><span class='ocrx_word' id='word_1_230' title='bbox 132 1966 258 2013; x_wconf 67' lang='lat' dir='ltr'><strong>tuin·</strong></span> <span class='ocrx_word' id='word_1_231' title='bbox 284 1967 513 2024; x_wconf 75' lang='lat' dir='ltr'><strong>productum</strong></span> <span class='ocrx_word' id='word_1_232' title='bbox 542 1966 764 2009; x_wconf 80' lang='lat' dir='ltr'><strong>asserebat.</strong></span> 
     </span>
    </p>

    <p class='ocr_par' dir='ltr' id='par_1_9' title="bbox 130 2032 1678 2366">
     <span class='ocr_line' id='line_1_28' title="bbox 245 2032 1673 2091; baseline -0.004 -12"><span class='ocrx_word' id='word_1_233' title='bbox 245 2033 504 2079; x_wconf 70' lang='lat' dir='ltr'><strong>saturniliani</strong></span> <span class='ocrx_word' id='word_1_234' title='bbox 543 2034 584 2076; x_wconf 92' lang='lat' dir='ltr'><strong>in</strong></span> <span class='ocrx_word' id='word_1_235' title='bbox 621 2032 743 2091; x_wconf 85' lang='lat' dir='ltr'><strong>Syria</strong></span> <span class='ocrx_word' id='word_1_236' title='bbox 782 2033 1102 2077; x_wconf 80' lang='lat' dir='ltr'><strong>simonianorum</strong></span> <span class='ocrx_word' id='word_1_237' title='bbox 1143 2032 1420 2090; x_wconf 84' lang='lat' dir='ltr'><strong>turpitudinem</strong></span> <span class='ocrx_word' id='word_1_238' title='bbox 1460 2039 1673 2075; x_wconf 84' lang='lat' dir='ltr'><strong>auxerunt.</strong></span> 
     </span>
     <span class='ocr_line' id='line_1_29' title="bbox 131 2102 1678 2160; baseline -0.002 -14"><span class='ocrx_word' id='word_1_239' title='bbox 131 2102 337 2147; x_wconf 78' lang='lat' dir='ltr'><strong>Nonnulla</strong></span> <span class='ocrx_word' id='word_1_240' title='bbox 355 2116 512 2159; x_wconf 76' lang='lat' dir='ltr'><strong>qnoque</strong></span> <span class='ocrx_word' id='word_1_241' title='bbox 536 2104 583 2144; x_wconf 91' lang='lat' dir='ltr'><strong>ad</strong></span> <span class='ocrx_word' id='word_1_242' title='bbox 607 2102 794 2144; x_wconf 88' lang='lat' dir='ltr'><strong>maiorem</strong></span> <span class='ocrx_word' id='word_1_243' title='bbox 829 2103 1114 2145; x_wconf 85' lang='lat' dir='ltr'><strong>conciliandum</strong></span> <span class='ocrx_word' id='word_1_244' title='bbox 1141 2109 1342 2160; x_wconf 85' lang='lat' dir='ltr'><strong>stuporem</strong></span> <span class='ocrx_word' id='word_1_245' title='bbox 1363 2103 1411 2144; x_wconf 88' lang='lat' dir='ltr'><strong>ad</strong></span> <span class='ocrx_word' id='word_1_246' title='bbox 1435 2102 1588 2143; x_wconf 89' lang='lat' dir='ltr'><strong>illorum</strong></span> <span class='ocrx_word' id='word_1_247' title='bbox 1610 2102 1678 2143; x_wconf 88' lang='lat' dir='ltr'><strong>ad-</strong></span> 
     </span>
     <span class='ocr_line' id='line_1_30' title="bbox 130 2169 1677 2228; baseline -0.003 -13"><span class='ocrx_word' id='word_1_248' title='bbox 130 2172 266 2215; x_wconf 84' lang='lat' dir='ltr'><strong>ieeere</strong></span> <span class='ocrx_word' id='word_1_249' title='bbox 297 2172 495 2228; x_wconf 67' lang='lat' dir='ltr'><strong>dogmata.</strong></span> <span class='ocrx_word' id='word_1_250' title='bbox 557 2169 709 2212; x_wconf 76' lang='lat' dir='ltr'><strong>florum</strong></span> <span class='ocrx_word' id='word_1_251' title='bbox 742 2171 923 2228; x_wconf 85' lang='lat' dir='ltr'><strong>princeps</strong></span> <span class='ocrx_word' id='word_1_252' title='bbox 953 2169 1180 2214; x_wconf 87' lang='lat' dir='ltr'><strong>Saturnilus</strong></span> <span class='ocrx_word' id='word_1_253' title='bbox 1211 2171 1303 2223; x_wconf 76' lang='lat' dir='ltr'><strong>suit,</strong></span> <span class='ocrx_word' id='word_1_254' title='bbox 1348 2171 1412 2227; x_wconf 89' lang='lat' dir='ltr'><strong>qui</strong></span> <span class='ocrx_word' id='word_1_255' title='bbox 1448 2170 1608 2226; x_wconf 88' lang='lat' dir='ltr'><strong>perinde</strong></span> <span class='ocrx_word' id='word_1_256' title='bbox 1631 2184 1677 2211; x_wconf 92' lang='lat' dir='ltr'><strong>ac</strong></span> 
     </span>
     <span class='ocr_line' id='line_1_31' title="bbox 130 2238 1675 2296; baseline -0.003 -12"><span class='ocrx_word' id='word_1_257' title='bbox 130 2238 357 2284; x_wconf 61' lang='lat' dir='ltr'><strong>munda</strong></span> <span class='ocrx_word' id='word_1_258' title='bbox 374 2239 505 2281; x_wconf 80' lang='lat' dir='ltr'><strong>mundi</strong></span> <span class='ocrx_word' id='word_1_259' title='bbox 527 2239 752 2281; x_wconf 87' lang='lat' dir='ltr'><strong>conditores</strong></span> <span class='ocrx_word' id='word_1_260' title='bbox 771 2239 960 2295; x_wconf 77' lang='lat' dir='ltr'><strong>angelos,</strong></span> <span class='ocrx_word' id='word_1_261' title='bbox 994 2239 1067 2282; x_wconf 86' lang='lat' dir='ltr'><strong>hoo</strong></span> <span class='ocrx_word' id='word_1_262' title='bbox 1089 2247 1150 2282; x_wconf 85' lang='lat' dir='ltr'><strong>cst</strong></span> <span class='ocrx_word' id='word_1_263' title='bbox 1171 2247 1359 2296; x_wconf 85' lang='lat' dir='ltr'><strong>septenos</strong></span> <span class='ocrx_word' id='word_1_264' title='bbox 1380 2253 1434 2281; x_wconf 81' lang='lat' dir='ltr'><strong>ex</strong></span> <span class='ocrx_word' id='word_1_265' title='bbox 1459 2238 1532 2291; x_wconf 89' lang='lat' dir='ltr'><strong>iis,</strong></span> <span class='ocrx_word' id='word_1_266' title='bbox 1565 2238 1675 2289; x_wconf 76' lang='lat' dir='ltr'><strong>facit,</strong></span> 
     </span>
     <span class='ocr_line' id='line_1_32' title="bbox 132 2306 1676 2366; baseline -0.003 -15"><span class='ocrx_word' id='word_1_267' title='bbox 132 2309 250 2366; x_wconf 80' lang='lat' dir='ltr'><strong>idque</strong></span> <span class='ocrx_word' id='word_1_268' title='bbox 271 2308 380 2365; x_wconf 83' lang='lat' dir='ltr'><strong>ipsos</strong></span> <span class='ocrx_word' id='word_1_269' title='bbox 413 2314 570 2364; x_wconf 86' lang='lat' dir='ltr'><strong>praeter</strong></span> <span class='ocrx_word' id='word_1_270' title='bbox 590 2306 763 2363; x_wconf 88' lang='lat' dir='ltr'><strong>supremi</strong></span> <span class='ocrx_word' id='word_1_271' title='bbox 799 2307 972 2363; x_wconf 87' lang='lat' dir='ltr'><strong>parentis</strong></span> <span class='ocrx_word' id='word_1_272' title='bbox 1003 2308 1239 2350; x_wconf 84' lang='lat' dir='ltr'><strong>seutentiam</strong></span> <span class='ocrx_word' id='word_1_273' title='bbox 1273 2308 1496 2363; x_wconf 86' lang='lat' dir='ltr'><strong>suscepisse</strong></span> <span class='ocrx_word' id='word_1_274' title='bbox 1526 2306 1676 2347; x_wconf 89' lang='lat' dir='ltr'><strong>statuit.</strong></span> 
     </span>
    </p>

    <p class='ocr_par' dir='ltr' id='par_1_10' title="bbox 134 2374 1679 2637">
     <span class='ocr_line' id='line_1_33' title="bbox 246 2374 1679 2431; baseline -0.002 -12"><span class='ocrx_word' id='word_1_275' title='bbox 246 2374 478 2420; x_wconf 83' lang='lat' dir='ltr'><strong>Basilidiani</strong></span> <span class='ocrx_word' id='word_1_276' title='bbox 510 2375 706 2417; x_wconf 80' lang='lat' dir='ltr'><strong>foeditatis</strong></span> <span class='ocrx_word' id='word_1_277' title='bbox 740 2376 916 2417; x_wconf 88' lang='lat' dir='ltr'><strong>eiusdem</strong></span> <span class='ocrx_word' id='word_1_278' title='bbox 937 2376 1037 2418; x_wconf 83' lang='lat' dir='ltr'><strong>socii</strong></span> <span class='ocrx_word' id='word_1_279' title='bbox 1059 2378 1107 2418; x_wconf 92' lang='lat' dir='ltr'><strong>ad</strong></span> <span class='ocrx_word' id='word_1_280' title='bbox 1134 2374 1334 2419; x_wconf 85' lang='lat' dir='ltr'><strong>Basiliden</strong></span> <span class='ocrx_word' id='word_1_281' title='bbox 1362 2376 1552 2431; x_wconf 78' lang='lat' dir='ltr'><strong>originem</strong></span> <span class='ocrx_word' id='word_1_282' title='bbox 1576 2375 1679 2417; x_wconf 76' lang='lat' dir='ltr'><strong>rele-</strong></span> 
     </span>
     <span class='ocr_line' id='line_1_34' title="bbox 134 2441 1677 2501; baseline -0.003 -12"><span class='ocrx_word' id='word_1_283' title='bbox 134 2452 251 2499; x_wconf 70' lang='lat' dir='ltr'><strong>uant,</strong></span> <span class='ocrx_word' id='word_1_284' title='bbox 282 2445 347 2501; x_wconf 78' lang='lat' dir='ltr'><strong>qni</strong></span> <span class='ocrx_word' id='word_1_285' title='bbox 370 2459 457 2486; x_wconf 88' lang='lat' dir='ltr'><strong>cum</strong></span> <span class='ocrx_word' id='word_1_286' title='bbox 483 2442 687 2487; x_wconf 88' lang='lat' dir='ltr'><strong>Saturnilo</strong></span> <span class='ocrx_word' id='word_1_287' title='bbox 708 2441 950 2486; x_wconf 83' lang='lat' dir='ltr'><strong>simonianis</strong></span> <span class='ocrx_word' id='word_1_288' title='bbox 975 2458 1022 2487; x_wconf 87' lang='lat' dir='ltr'><strong>ac</strong></span> <span class='ocrx_word' id='word_1_289' title='bbox 1043 2443 1343 2487; x_wconf 81' lang='lat' dir='ltr'><strong>Menandrianis</strong></span> <span class='ocrx_word' id='word_1_290' title='bbox 1368 2457 1527 2500; x_wconf 88' lang='lat' dir='ltr'><strong>operam</strong></span> <span class='ocrx_word' id='word_1_291' title='bbox 1555 2442 1677 2494; x_wconf 87' lang='lat' dir='ltr'><strong>dedit,</strong></span> 
     </span>
     <span class='ocr_line' id='line_1_35' title="bbox 135 2510 1677 2568; baseline -0.003 -11"><span class='ocrx_word' id='word_1_292' title='bbox 135 2527 185 2557; x_wconf 81' lang='lat' dir='ltr'><strong>aa</strong></span> <span class='ocrx_word' id='word_1_293' title='bbox 204 2512 360 2556; x_wconf 82' lang='lat' dir='ltr'><strong>tametsi</strong></span> <span class='ocrx_word' id='word_1_294' title='bbox 380 2513 516 2554; x_wconf 88' lang='lat' dir='ltr'><strong>eadem</strong></span> <span class='ocrx_word' id='word_1_295' title='bbox 540 2513 623 2554; x_wconf 76' lang='lat' dir='ltr'><strong>iere</strong></span> <span class='ocrx_word' id='word_1_296' title='bbox 649 2512 809 2562; x_wconf 87' lang='lat' dir='ltr'><strong>sentiat,</strong></span> <span class='ocrx_word' id='word_1_297' title='bbox 842 2512 881 2553; x_wconf 91' lang='lat' dir='ltr'><strong>in</strong></span> <span class='ocrx_word' id='word_1_298' title='bbox 908 2511 1135 2567; x_wconf 81' lang='lat' dir='ltr'><strong>quibusdam</strong></span> <span class='ocrx_word' id='word_1_299' title='bbox 1159 2519 1290 2556; x_wconf 86' lang='lat' dir='ltr'><strong>tamen</strong></span> <span class='ocrx_word' id='word_1_300' title='bbox 1312 2513 1519 2568; x_wconf 85' lang='lat' dir='ltr'><strong>discrepat.</strong></span> <span class='ocrx_word' id='word_1_301' title='bbox 1572 2510 1677 2554; x_wconf 86' lang='lat' dir='ltr'><strong>Nam</strong></span> 
     </span>
     <span class='ocr_line' id='line_1_36' title="bbox 135 2578 1679 2637; baseline -0.003 -11"><span class='ocrx_word' id='word_1_302' title='bbox 135 2582 333 2626; x_wconf 68' lang='lat' dir='ltr'><strong>mekotes</strong></span> <span class='ocrx_word' id='word_1_303' title='bbox 353 2581 470 2623; x_wconf 86' lang='lat' dir='ltr'><strong>orbes</strong></span> <span class='ocrx_word' id='word_1_304' title='bbox 493 2578 727 2623; x_wconf 78' lang='lat' dir='ltr'>CCCLXV</span> <span class='ocrx_word' id='word_1_305' title='bbox 752 2580 979 2631; x_wconf 86' lang='lat' dir='ltr'><strong>constituit,</strong></span> <span class='ocrx_word' id='word_1_306' title='bbox 1021 2595 1120 2637; x_wconf 85' lang='lat' dir='ltr'><strong>quos</strong></span> <span class='ocrx_word' id='word_1_307' title='bbox 1141 2580 1329 2637; x_wconf 83' lang='lat' dir='ltr'><strong>angelicis</strong></span> <span class='ocrx_word' id='word_1_308' title='bbox 1352 2580 1574 2622; x_wconf 85' lang='lat' dir='ltr'><strong>nominibus</strong></span> <span class='ocrx_word' id='word_1_309' title='bbox 1600 2580 1679 2622; x_wconf 80' lang='lat' dir='ltr'><strong>affi-</strong></span> 
     </span>
    </p>
   </div>
   <div class='ocr_carea' id='block_1_6' title="bbox 134 2648 1753 2706">
    <p class='ocr_par' dir='ltr' id='par_1_11' title="bbox 134 2648 1753 2706">
     <span class='ocr_line' id='line_1_37' title="bbox 134 2648 1753 2706; baseline -0.002 -12"><span class='ocrx_word' id='word_1_310' title='bbox 134 2649 207 2704; x_wconf 63' lang='lat' dir='ltr'><strong>ah‚</strong></span> <span class='ocrx_word' id='word_1_311' title='bbox 235 2651 403 2706; x_wconf 85' lang='lat' dir='ltr'><strong>ideoque</strong></span> <span class='ocrx_word' id='word_1_312' title='bbox 427 2648 586 2691; x_wconf 89' lang='lat' dir='ltr'><strong>totidem</strong></span> <span class='ocrx_word' id='word_1_313' title='bbox 608 2648 744 2690; x_wconf 90' lang='lat' dir='ltr'><strong>diebus</strong></span> <span class='ocrx_word' id='word_1_314' title='bbox 765 2661 909 2689; x_wconf 86' lang='lat' dir='ltr'><strong>annum</strong></span> <span class='ocrx_word' id='word_1_315' title='bbox 932 2656 1116 2691; x_wconf 82' lang='lat' dir='ltr'><strong>constare</strong></span> <span class='ocrx_word' id='word_1_316' title='bbox 1137 2656 1287 2692; x_wconf 89' lang='lat' dir='ltr'><strong>censet.</strong></span> <span class='ocrx_word' id='word_1_317' title='bbox 1351 2648 1470 2690; x_wconf 78' lang='lat' dir='ltr'><strong>Addit</strong></span> <span class='ocrx_word' id='word_1_318' title='bbox 1488 2655 1529 2690; x_wconf 90' lang='lat' dir='ltr'><strong>et</strong></span> <span class='ocrx_word' id='word_1_319' title='bbox 1553 2648 1680 2691; x_wconf 77' lang='lat' dir='ltr'><strong>Abra·</strong></span> <span class='ocrx_word' id='word_1_320' title='bbox 1738 2682 1753 2694; x_wconf 31' lang='grc' dir='ltr'>χ</span> 
     </span>
    </p>
   </div>
   <div class='ocr_carea' id='block_1_7' title="bbox 135 2714 1681 2844">
    <p class='ocr_par' dir='ltr' id='par_1_12' title="bbox 135 2714 1681 2844">
     <span class='ocr_line' id='line_1_38' title="bbox 135 2714 1681 2771; baseline -0.003 -9"><span class='ocrx_word' id='word_1_321' title='bbox 135 2731 214 2763; x_wconf 70' lang='lat' dir='ltr'><strong>aaa</strong></span> <span class='ocrx_word' id='word_1_322' title='bbox 234 2718 436 2761; x_wconf 71' lang='lat' dir='ltr'><strong>cuiusdam</strong></span> <span class='ocrx_word' id='word_1_323' title='bbox 461 2716 617 2759; x_wconf 78' lang='lat' dir='ltr'><strong>virtutis</strong></span> <span class='ocrx_word' id='word_1_324' title='bbox 640 2730 807 2766; x_wconf 84' lang='lat' dir='ltr'><strong>nomen,</strong></span> <span class='ocrx_word' id='word_1_325' title='bbox 853 2729 952 2771; x_wconf 88' lang='lat' dir='ltr'><strong>quae</strong></span> <span class='ocrx_word' id='word_1_326' title='bbox 975 2714 1208 2759; x_wconf 79' lang='lat' dir='ltr'>CCCLXV</span> <span class='ocrx_word' id='word_1_327' title='bbox 1238 2730 1441 2759; x_wconf 87' lang='lat' dir='ltr'><strong>numerum</strong></span> <span class='ocrx_word' id='word_1_328' title='bbox 1465 2716 1589 2758; x_wconf 85' lang='lat' dir='ltr'><strong>literis</strong></span> <span class='ocrx_word' id='word_1_329' title='bbox 1610 2730 1681 2759; x_wconf 79' lang='lat' dir='ltr'><strong>ex-</strong></span> 
     </span>
     <span class='ocr_line' id='line_1_39' title="bbox 138 2785 1134 2844; baseline -0.003 -14"><span class='ocrx_word' id='word_1_330' title='bbox 138 2787 295 2844; x_wconf 65' lang='lat' dir='ltr'><strong>pei-iit,</strong></span> <span class='ocrx_word' id='word_1_331' title='bbox 326 2787 443 2842; x_wconf 87' lang='lat' dir='ltr'><strong>idque</strong></span> <span class='ocrx_word' id='word_1_332' title='bbox 471 2791 648 2828; x_wconf 88' lang='lat' dir='ltr'><strong>sanctum</strong></span> <span class='ocrx_word' id='word_1_333' title='bbox 681 2798 770 2826; x_wconf 89' lang='lat' dir='ltr'><strong>esse</strong></span> <span class='ocrx_word' id='word_1_334' title='bbox 802 2796 944 2826; x_wconf 87' lang='lat' dir='ltr'><strong>nomen</strong></span> <span class='ocrx_word' id='word_1_335' title='bbox 975 2785 1134 2828; x_wconf 82' lang='lat' dir='ltr'><strong>asserit.</strong></span> 
     </span>
    </p>
   </div>
   <div class='ocr_carea' id='block_1_8' title="bbox 183 2895 1682 3125">
    <p class='ocr_par' dir='ltr' id='par_1_13' title="bbox 183 2895 1398 2955">
     <span class='ocr_line' id='line_1_40' title="bbox 183 2895 1398 2955; baseline -0.002 -20"><span class='ocrx_word' id='word_1_336' title='bbox 183 2896 216 2935; x_wconf 70' lang='grc'><strong>4.</strong></span> <span class='ocrx_word' id='word_1_337' title='bbox 241 2899 456 2944; x_wconf 54' lang='lat' dir='ltr'><strong>muman-mot</strong></span> <span class='ocrx_word' id='word_1_338' title='bbox 477 2900 566 2955; x_wconf 45' lang='lat' dir='ltr'><strong>godd-</strong></span> <span class='ocrx_word' id='word_1_339' title='bbox 591 2909 664 2933; x_wconf 75' lang='lat' dir='ltr'><strong>mss.</strong></span> <span class='ocrx_word' id='word_1_340' title='bbox 688 2903 823 2941; x_wconf 74' lang='lat' dir='ltr'><strong>uterque.</strong></span> <span class='ocrx_word' id='word_1_341' title='bbox 976 2897 1009 2931; x_wconf 87' lang='lat'><strong>9.</strong></span> <span class='ocrx_word' id='word_1_342' title='bbox 1033 2895 1171 2939; x_wconf 72' lang='grc' dir='ltr'><strong>τούτους</strong></span> <span class='ocrx_word' id='word_1_343' title='bbox 1193 2900 1265 2933; x_wconf 75' lang='lat' dir='ltr'><strong>edit.</strong></span> <span class='ocrx_word' id='word_1_344' title='bbox 1290 2902 1398 2934; x_wconf 75' lang='lat' dir='ltr'><strong>Petov.</strong></span> 
     </span>
    </p>

    <p class='ocr_par' dir='ltr' id='par_1_14' title="bbox 184 2941 1682 3032">
     <span class='ocr_line' id='line_1_41' title="bbox 185 2941 1682 2999; baseline 0.002 -22"><span class='ocrx_word' id='word_1_345' title='bbox 185 2945 217 2995; x_wconf 62' lang='grc' dir='ltr'><strong>ξ.</strong></span> <span class='ocrx_word' id='word_1_346' title='bbox 239 2945 327 2999; x_wconf 61' lang='lat' dir='ltr'><strong>utu-t</strong></span> <span class='ocrx_word' id='word_1_347' title='bbox 348 2946 443 2987; x_wconf 69' lang='grc' dir='ltr'><strong>υιὶςο</strong></span> <span class='ocrx_word' id='word_1_348' title='bbox 464 2956 534 2984; x_wconf 81' lang='grc' dir='ltr'><strong>ους.</strong></span> <span class='ocrx_word' id='word_1_349' title='bbox 981 2945 1029 2979; x_wconf 86' lang='grc'><strong>10.</strong></span> <span class='ocrx_word' id='word_1_350' title='bbox 1063 2941 1219 2990; x_wconf 76' lang='grc' dir='ltr'><strong>ἅβασᾶρξ</strong></span> <span class='ocrx_word' id='word_1_351' title='bbox 1249 2946 1340 2979; x_wconf 76' lang='lat' dir='ltr'><strong>codd.</strong></span> <span class='ocrx_word' id='word_1_352' title='bbox 1371 2954 1444 2979; x_wconf 74' lang='lat' dir='ltr'><strong>mss.</strong></span> <span class='ocrx_word' id='word_1_353' title='bbox 1474 2949 1621 2988; x_wconf 63' lang='lat' dir='ltr'><strong>um,</strong></span> <span class='ocrx_word' id='word_1_354' title='bbox 1652 2952 1682 2980; x_wconf 74' lang='lat' dir='ltr'><strong>ct</strong></span> 
     </span>
     <span class='ocr_line' id='line_1_42' title="bbox 184 2989 1125 3032; baseline -0.001 -9"><span class='ocrx_word' id='word_1_355' title='bbox 184 2990 218 3024; x_wconf 75' lang='grc' dir='ltr'><strong>ὁ.</strong></span> <span class='ocrx_word' id='word_1_356' title='bbox 245 2989 342 3025; x_wconf 77' lang='grc' dir='ltr'><strong>αυτοὶ</strong></span> <span class='ocrx_word' id='word_1_357' title='bbox 361 2992 453 3024; x_wconf 79' lang='lat' dir='ltr'><strong>codd.</strong></span> <span class='ocrx_word' id='word_1_358' title='bbox 475 3001 548 3023; x_wconf 77' lang='lat' dir='ltr'><strong>mss.</strong></span> <span class='ocrx_word' id='word_1_359' title='bbox 572 2994 599 3023; x_wconf 86' lang='lat' dir='ltr'><strong>et</strong></span> <span class='ocrx_word' id='word_1_360' title='bbox 622 2991 694 3024; x_wconf 80' lang='lat' dir='ltr'><strong>edit.</strong></span> <span class='ocrx_word' id='word_1_361' title='bbox 716 2991 815 3031; x_wconf 66' lang='lat' dir='ltr'><strong>princ.</strong></span> <span class='ocrx_word' id='word_1_362' title='bbox 931 2991 1003 3023; x_wconf 78' lang='lat' dir='ltr'><strong>edit.</strong></span> <span class='ocrx_word' id='word_1_363' title='bbox 1026 2993 1125 3032; x_wconf 71' lang='lat' dir='ltr'><strong>princ.</strong></span> 
     </span>
    </p>

    <p class='ocr_par' dir='ltr' id='par_1_15' title="bbox 186 3031 1518 3080">
     <span class='ocr_line' id='line_1_43' title="bbox 186 3031 1518 3080; baseline 0 -11"><span class='ocrx_word' id='word_1_364' title='bbox 186 3034 219 3070; x_wconf 82' lang='lat'><strong>7.</strong></span> <span class='ocrx_word' id='word_1_365' title='bbox 240 3037 291 3070; x_wconf 74' lang='lat' dir='ltr'><strong>tto</strong></span> <span class='ocrx_word' id='word_1_366' title='bbox 310 3037 430 3070; x_wconf 63' lang='grc' dir='ltr'><strong>ΡΜ.</strong></span> <span class='ocrx_word' id='word_1_367' title='bbox 459 3037 545 3069; x_wconf 74' lang='lat' dir='ltr'><strong>Libri</strong></span> <span class='ocrx_word' id='word_1_368' title='bbox 567 3038 662 3078; x_wconf 64' lang='lat' dir='ltr'><strong>vulno</strong></span> <span class='ocrx_word' id='word_1_369' title='bbox 683 3046 730 3070; x_wconf 77' lang='grc' dir='ltr'><strong>τε.</strong></span> <span class='ocrx_word' id='word_1_370' title='bbox 981 3038 1028 3069; x_wconf 88' lang='lat' dir='ltr'><strong>lt.</strong></span> <span class='ocrx_word' id='word_1_371' title='bbox 1053 3031 1157 3070; x_wconf 63' lang='grc' dir='ltr'><strong>αὐτοῦ</strong></span> <span class='ocrx_word' id='word_1_372' title='bbox 1180 3031 1275 3080; x_wconf 70' lang='grc' dir='ltr'>ἅγιον</span> <span class='ocrx_word' id='word_1_373' title='bbox 1297 3037 1364 3070; x_wconf 71' lang='lat' dir='ltr'><strong>cod.</strong></span> <span class='ocrx_word' id='word_1_374' title='bbox 1390 3037 1518 3079; x_wconf 64' lang='lat' dir='ltr'><strong>natan.</strong></span> 
     </span>
    </p>

    <p class='ocr_par' dir='ltr' id='par_1_16' title="bbox 185 3081 1438 3125">
     <span class='ocr_line' id='line_1_44' title="bbox 185 3081 1438 3125; baseline 0 -10"><span class='ocrx_word' id='word_1_375' title='bbox 185 3082 218 3115; x_wconf 75' lang='lat'><strong>8.</strong></span> <span class='ocrx_word' id='word_1_376' title='bbox 243 3083 476 3125; x_wconf 70' lang='grc' dir='ltr'><strong>μινανδρηνοίς</strong></span> <span class='ocrx_word' id='word_1_377' title='bbox 497 3082 587 3115; x_wconf 80' lang='lat' dir='ltr'><strong>codd.</strong></span> <span class='ocrx_word' id='word_1_378' title='bbox 613 3091 686 3115; x_wconf 67' lang='lat' dir='ltr'><strong>aas.</strong></span> <span class='ocrx_word' id='word_1_379' title='bbox 708 3083 753 3114; x_wconf 74' lang='lat' dir='ltr'><strong>uu</strong></span> <span class='ocrx_word' id='word_1_380' title='bbox 774 3090 883 3122; x_wconf 76' lang='lat' dir='ltr'><strong>supro.</strong></span> <span class='ocrx_word' id='word_1_381' title='bbox 980 3083 1026 3115; x_wconf 71' lang='lat'><strong>12.</strong></span> <span class='ocrx_word' id='word_1_382' title='bbox 1051 3081 1182 3125; x_wconf 75' lang='grc' dir='ltr'>πνεῦμα</span> <span class='ocrx_word' id='word_1_383' title='bbox 1205 3083 1295 3115; x_wconf 71' lang='lat' dir='ltr'><strong>hebet</strong></span> <span class='ocrx_word' id='word_1_384' title='bbox 1320 3083 1438 3117; x_wconf 71' lang='lat' dir='ltr'><strong>Punoe.</strong></span> 
     </span>
    </p>
   </div>
  </div>
 </body>
</html>
