2020 3276
344 242 527 277 rammi
549 243 635 276 Lm.
654 243 713 277 ιιι.
735 242 846 276 Tou.
865 244 908 276 ιι.
929 243 1084 276 Exros.
1108 242 1195 277 Flo.
1220 242 1410 276 cA‘rnoL.
1569 233 1652 275 509

102 321 364 380 pravitatem,
409 322 591 380 persequi
617 323 796 365 voluero.
861 321 994 364 Veluti
1021 323 1084 378 qni
1110 323 1148 363 in
1175 322 1357 380 Aegypto
1383 321 1558 365 Saturno
1578 321 1653 364 ini·

102 388 189 433 etati
208 389 354 433 ferreis
374 391 587 434 collaribus
606 391 759 448 seipsos
780 390 954 446 illigant,
999 405 1045 432 ac
1071 390 1285 447 prolixiore
1313 392 1432 433 barba
1462 398 1503 432 et
1525 391 1651 432 sordi-

96 457 164 501 fi!
182 457 362 502 vestibus
385 473 431 502 ae
455 458 630 501 ridiculis
661 465 838 501 utuntur.
900 457 1056 515 Quippe
1090 459 1129 500 in
1157 459 1345 502 bonorem
1372 458 1534 502 Saturni
1559 459 1651 501 Asu·

100 523 225 584 (qued
249 527 438 584 exiguum
466 528 645 585 oppidum
673 535 762 579 est,
793 542 839 568 ae
862 541 1048 584 pagorum
1076 535 1192 584 capnt
1216 528 1254 568 in
1281 530 1529 583 praefectura
1552 525 1652 569 Pro-

101 595 291 654 eqitide)
322 595 493 639 circulos
523 596 734 638 identidem
763 596 923 637 naribus
947 595 1134 651 infigunt,
1176 610 1254 651 quo
1279 603 1453 652 tempore
1479 596 1651 638 nefarios

101 674 151 708 te
171 663 391 707 sceleratos
421 665 625 721 religionis
650 678 791 706 caussa
819 671 1040 706 conventus
1070 678 1122 705 ex
1149 665 1300 720 oppidis
1330 666 1510 708 omnibus
1538 666 1652 708 insti·

101 736 232 776 hunt.
292 731 400 775 Tum
431 734 536 775 enim
569 734 718 775 coactis
748 731 927 775 coetibus
961 731 1150 788 orgiaque
1184 733 1429 775 celebrantes
1462 735 1651 776 fanaticos

101 806 147 844 et
173 799 399 844 inconditos
429 802 530 844 ritus
565 802 806 858 exprimunt.
869 799 949 843 Sed
987 801 1254 842 execrandum
1294 808 1355 842 est
1387 816 1512 858 genus
1546 803 1649 845 istud

101 869 319 913 boninum.
382 868 486 912 Sunt
509 878 548 912 et
572 871 672 927 apud
698 870 798 912 alios
822 883 936 912 sacra
962 871 1150 925 quaedam
1177 870 1420 922 istiusmodi,
1452 871 1562 913 velut
1586 872 1651 928 qui

99 934 322 982 i-Buttiea
346 940 621 995 praefectura,
665 939 843 994 adeoque
869 936 962 979 Buti
981 937 1123 994 oppido
1144 937 1429 993 Harpocratem
1457 940 1647 992 nutriunt,

99 1007 283 1050 conficta
304 1006 383 1049 iam
406 1013 537 1049 aetate
564 1021 698 1050 senes.
760 1005 839 1061 Qui
872 1006 1026 1068 solenni
1054 1005 1116 1048 die
1142 1014 1181 1048 et
1202 1007 1298 1063 ipsis
1322 1005 1509 1050 Calendis
1538 1023 1651 1051 vesa-

100 1089 175 1119 nas
204 1089 253 1119 ae
281 1075 452 1118 furiosas
485 1073 559 1119 Ori
596 1074 842 1118 ceremonias
873 1074 1075 1116 daemonis
1107 1082 1242 1117 oestro
1275 1075 1412 1132 perciti
1448 1078 1652 1120 celebrare

101 1150 311 1201 cognatm·-
376 1143 481 1187 Tum
505 1144 609 1186 enim
632 1145 742 1186 cives
766 1143 967 1195 universi,
1009 1157 1056 1185 ac
1082 1143 1143 1185 vel
1171 1144 1359 1200 decrepiti
1380 1158 1522 1198 senes,
1563 1161 1649 1188 eum

100 1211 417 1255 adolescentibus
448 1212 586 1255 iisdem
616 1213 789 1256 moribus
818 1212 1030 1269 praeditis,
1075 1227 1122 1254 ac
1155 1212 1317 1269 reliquis
1349 1215 1543 1256 aetatibus
1575 1215 1650 1256 iam

100 1288 185 1324 tun
205 1280 255 1324 ab
276 1280 359 1337 ipsa
382 1281 587 1338 pubertate
601 1314 613 1333 ,
645 1279 720 1324 ori
741 1282 926 1324 videlicet
946 1288 987 1322 et
1011 1279 1271 1336 Harpocratis
1292 1284 1543 1336 sacerdotes,
1585 1285 1651 1326 de-

101 1356 218 1394 tonso
239 1349 367 1407 eapite
387 1350 573 1392 servilem
598 1357 639 1392 et
666 1350 966 1392 abominandum
987 1364 1032 1391 ac
1057 1350 1245 1406 puerilem
1268 1351 1439 1407 speciem
1463 1353 1551 1394 sine
1572 1353 1652 1394 ullo

100 1418 250 1476 pudore
268 1419 566 1461 circumferunt.
629 1417 734 1461 Tum
765 1433 863 1461 vero
882 1418 1031 1460 ludicra
1058 1420 1246 1475 quaedam
1272 1419 1444 1472 obeunt,
1490 1435 1537 1462 ac
1560 1435 1651 1463 sese

100 1486 380 1544 prudentibus,
413 1486 478 1543 qui
499 1487 653 1543 seipsos
673 1502 696 1529 a
718 1488 911 1530 servitute
934 1488 1137 1530 daemonis
1158 1496 1437 1541 asseruerunt,
1470 1490 1651 1532 deriden-

101 1555 174 1598 dos
194 1554 400 1613 praebent.
461 1554 565 1597 Nam
599 1557 815 1608 vecordes,
861 1570 934 1598 nec
963 1556 1024 1598 sui
1057 1564 1284 1613 compotes,
1328 1572 1374 1599 ac
1401 1558 1563 1600 ridicule
1585 1560 1651 1600 de-

102 1624 282 1676 tamn,
332 1623 570 1681 praecipites
607 1625 801 1667 seruntur.
872 1622 1046 1667 Primum
1090 1626 1193 1667 enim
1227 1626 1382 1683 polenta
1423 1640 1470 1668 ac
1506 1626 1648 1678 simila,

98 1691 266 1750 aliisque
286 1692 324 1735 id
346 1707 474 1750 genus
494 1693 686 1735 confectis
720 1693 858 1736 eduliis
881 1693 1020 1735 faciem
1044 1693 1249 1746 oblinunt,
1294 1695 1403 1737 vultu
1425 1694 1465 1737 in
1492 1697 1651 1738 fervens

99 1760 312 1805 edderiurn
334 1761 544 1814 immerso,
594 1775 719 1818 eaque
748 1761 881 1818 specie
908 1763 955 1804 ad
978 1763 1249 1804 concitandum
1283 1771 1482 1821 stuporem
1513 1765 1652 1821 vulgus

98 1828 287 1883 ‚in-dung
333 1836 375 1872 et
394 1830 623 1887 quibusdam
657 1830 770 1873 furiis
801 1830 973 1887 agitant,
1020 1838 1100 1873 tum
1124 1838 1164 1873 et
1188 1832 1288 1873 faeie
1313 1847 1429 1875 manu
1452 1834 1651 1876 detersum

99 1897 292 1955 quiepian
323 1898 372 1940 ad
394 1900 603 1941 sanitatem
634 1901 965 1956 recuperandam,
1010 1907 1127 1956 atque
1157 1900 1445 1956 aegritudinum
1478 1904 1652 1945 remedia

99 1965 388 2023 postulantibus
416 1967 657 2023 impertiunt.

213 2033 378 2078 Adbaee
407 2035 442 2078 ai
470 2033 746 2093 Memphiticas
777 2044 817 2079 et
850 2036 1148 2095 Heliopoliticas
1183 2038 1369 2081 mulieres
1401 2040 1511 2096 orgia
1547 2041 1650 2083 cele·
1669 2053 1844 2098 eap.xu.

100 2102 262 2146 brantes
293 2107 534 2161 persequar,
575 2118 677 2160 quae
704 2112 976 2163 tympanorum
1010 2121 1056 2149 ac
1080 2107 1262 2149 tibiarum
1299 2108 1465 2165 strepitu
1498 2110 1650 2166 seipsas

100 2171 383 2225 exstimulant,
414 2172 449 2214 si
474 2170 675 2215 Coritidas
694 2180 734 2215 et
754 2172 1024 2228 Trietericas,
1057 2189 1234 2232 quaeque
1258 2176 1296 2218 in
1324 2175 1476 2219 Bathea
1497 2185 1539 2219 et
1560 2176 1649 2220 Me-

100 2239 294 2283 nntbitide
312 2242 447 2284 furore
472 2248 681 2298 correptae
713 2242 874 2299 pudoris
894 2243 955 2286 sui
977 2258 1024 2285 ac
1045 2245 1261 2287 modestiae
1285 2245 1485 2288 muliebris
1511 2247 1651 2288 oblivi-

100 2315 288 2363 scuntur,
320 2317 464 2367 quauta
487 2309 580 2351 mibi
603 2310 814 2353 verborum
836 2311 971 2369 eopia,
1006 2326 1200 2369 quamque
1223 2314 1362 2370 amplis
1383 2315 1650 2357 voluminibus

101 2389 199 2435 opus
230 2379 328 2432 erit,
372 2386 413 2422 ut
439 2379 792 2422 commemorandis
823 2379 872 2422 iis
896 2380 1101 2434 omnibus,
1142 2396 1243 2438 quae
1273 2396 1392 2439 supra
1423 2384 1647 2439 percensui,

101 2459 282 2504 quaeque
313 2447 592 2505 propemodum
619 2447 768 2489 infinita
793 2454 909 2501 sunt,
951 2449 1177 2492 incumbere
1202 2451 1347 2493 velim?
1406 2449 1521 2493 Licet
1545 2452 1649 2493 enim

100 2512 302 2572 ingentem
329 2515 420 2558 mihi
448 2516 518 2558 hac
544 2515 584 2557 in
610 2530 653 2558 re
683 2516 855 2559 laborem
889 2517 1165 2574 imposuerim,
1208 2519 1459 2561 nihilomiuus
1495 2520 1649 2562 illorum

100 2628 140 2664 h
158 2629 229 2664 eed-
252 2631 380 2674 Μ’.
403 2631 512 2664 eedem
532 2640 648 2664 manua
667 2639 708 2663 ea·
727 2628 855 2674 ἰτίραις
899 2632 1006 2665 Celon-
1029 2636 1122 2674 repet.

99 2674 229 2717 reficit
249 2673 408 2719 δταίραις.
948 2675 999 2710 16.
1023 2674 1210 2721 maedam
1230 2679 1302 2712 edu.
1324 2680 1433 2713 Petne.
1454 2681 1560 2713 ceteri.
1583 2688 1648 2723 rep.

154 2721 203 2756 n.
226 2721 276 2768 τῷ
298 2723 371 2756 edit.
389 2723 497 2757 Petne.
523 2723 626 2756 Coton.
648 2731 711 2764 rep.
725 2746 736 2763 ‚
768 2731 854 2755 men·
897 2724 1014 2755 vitiose.

102 2765 185 2800 den.
947 2766 1025 2799 Cn.
1050 2767 1131 2801 ΧΠ.
1156 2786 1200 2794 —-
1261 2770 1287 2803 1.
1322 2771 1561 2804 nutriendum
1593 2767 1649 2815 ὄρ-

150 2810 204 2847 12.
226 2813 274 2847 ltu
302 2814 392 2847 cedd.
415 2814 477 2848 len.
501 2818 529 2847 et
549 2814 679 2854 micam.
692 2837 703 2854 ,
735 2817 763 2846 et
782 2814 854 2846 edit.
900 2809 1042 2855 γιῶσας.
1090 2815 1139 2855 C!-
1161 2824 1259 2856 supro
1283 2825 1353 2856 eep.
1381 2816 1392 2849 Ι
1405 2817 1430 2849 Ι.

245 2854 494 2903 ’Δρποκράτους
516 2860 590 2892 edit.
612 2860 719 2892 Peleo.
944 2860 977 2891 2.
1002 2860 1050 2892 An
1062 2860 1194 2900 {ov-lm
1209 2855 1447 2904 'AxoptnBetc‘t’
1472 2862 1530 2896 Ed.
1549 2865 1650 2905 princ.

151 2902 203 2938 13.
228 2901 453 2940 ίνδιδωκόσιν
483 2906 550 2939 cod.
577 2905 704 2945 nhediq.
754 2901 852 2939 ἐκδε-
899 2904 989 2937 habet
1011 2902 1223 2948 Κορρίτιδας.

103 2943 239 2984 &nixum
260 2950 356 2983 veluit
378 2951 539 2984 Petamus.
944 2950 975 2984 3.
1002 2950 1061 2982 Ed.
1084 2950 1192 2984 Petav-
1217 2949 1481 3005 Tpterqptssmze.

39 2994 44 2999 ’
153 2991 204 3028 14.
228 2990 486 3041 ἅνακοχλᾶζοντι
516 2997 607 3037 codd.
630 3004 703 3029 πιυ.
731 2998 759 3027 et
782 2995 852 3028 edit.
944 2994 976 3028 4.
1010 2997 1183 3030 cornei-tus
1213 3000 1303 3031 verm
1330 3009 1364 3031 nn
1393 2998 1560 3044 profunda
1591 3010 1647 3033 re-

102 3041 204 3081 prime.
250 3036 512 3086 ἀνακαχλάζοντι
539 3043 587 3074 ed.
617 3043 727 3076 Petav.
898 3039 998 3084 gione
1022 3046 1055 3073 et
1079 3041 1312 3076 Menuthitide.

154 3085 204 3119 1⁵.
228 3082 379 3125 ἐπιθέντος
400 3087 549 3120 nuendum
575 3090 619 3120 eat
646 3087 719 3119 edit.
743 3087 854 3121 Petw.
943 3087 976 3120 5.
1001 3084 1118 3122 ἐαυτὸν
1141 3089 1209 3122 eod.
1236 3090 1365 3131 Rbedia.
