2020 3276
323 231 507 267 rmaau
530 231 614 265 Lm.
631 231 691 264 nt.
712 230 823 265 TOM.
847 231 888 264 n.
913 230 1070 264 Expos.
1092 229 1178 263 Ρη).
1204 227 1396 263 camon
1546 220 1625 261 501

83 326 225 371 apa·
242 319 286 358 et
305 317 438 356 aerem
463 318 631 368 quatuor
661 324 752 353 esse
785 309 906 367 prima
941 309 1041 351 dixit
1069 309 1284 360 elementa,
1326 316 1443 364 atque
1465 307 1632 350 inimici-

81 381 174 426 tia·
201 381 410 425 elementis
444 380 624 424 omnibus
660 379 846 436 priorem.
909 376 1111 433 Siquidem
1143 377 1255 419 initio
1286 383 1466 433 separata
1499 390 1547 418 ac
1573 376 1631 418 di-

33 494 38 502 ,
79 457 228 494 stt-acta
251 457 389 502 erant,
422 449 570 506 inquit,
613 448 765 499 omnia3
810 461 914 489 nunc
939 446 978 488 in
1007 461 1122 488 unum
1149 446 1354 488 coniuncta
1379 451 1492 497 sunt,
1536 459 1631 487 con-

79 518 214 564 ciliate
229 517 398 563 invicem
421 524 459 559 et
483 517 608 560 amica
648 516 815 558 reddita.
878 513 1076 570 Quocirca
1104 515 1180 556 duo
1201 521 1292 556 sunt
1317 514 1421 555 iliius
1444 513 1630 570 opinione

78 586 293 645 prineipia,
324 588 464 643 visque
482 586 648 642 dupiex,
694 583 895 626 inimicitia
920 590 960 626 et
981 583 1175 635 amicitia3
1221 596 1382 638 quarum
1410 582 1486 623 ista
1511 596 1632 638 copu-

80 655 209 710 landi,
241 655 307 699 itta
338 654 549 712 separandi
579 660 773 710 potestate
803 652 995 709 praedita.

192 722 440 775 Heraclitus,
492 721 676 765 Blesonis
721 721 845 773 filius,
900 719 1099 777 Ephesius
1140 719 1221 775 igni
1264 718 1455 774 originem
1497 733 1629 762 rerum

11 802 14 804 ’
78 792 249 836 omnium
281 791 553 842 adscribebat,
585 791 625 832 in
656 790 900 846 eundemque
930 788 1077 831 resolvi
1109 787 1270 844 putabat
1299 788 1445 830 omnia.

190 859 383 904 Prodicus
408 859 563 916 quidam
599 859 793 901 elementa
826 856 884 900 lV
917 858 1013 899 deos
1043 856 1275 913 appellavit,
1323 855 1414 898 inde
1437 857 1560 898 solem
1592 864 1632 899 et

77 930 225 975 lunam.
286 929 351 972 Ab
381 928 429 971 iis
458 929 561 970 enim
593 927 752 970 vitalem
783 926 823 968 in
854 925 984 968 omnia
1016 925 1095 967 vim
1127 924 1304 969 diffundi.

189 996 305 1042 Plato
328 996 587 1040 Atheniensis
615 997 728 1038 deum
763 1002 803 1037 et
837 994 1039 1037 materiam
1072 1007 1117 1035 ac
1147 994 1309 1035 formam
1344 993 1627 1035 constituebat.

76 1065 269 1111 Mundum
295 1066 420 1123 ipsum
451 1073 492 1108 et
512 1065 739 1123 productum
761 1071 803 1106 et
822 1062 1063 1119 corruptioni
1089 1062 1328 1115 obnoxium3
1369 1062 1537 1104 animam
1561 1076 1631 1104 ne-

76 1149 154 1194 que
174 1135 428 1194 productam,
470 1141 508 1176 et
530 1133 813 1185 immortaiem‚
856 1132 1033 1187 adeoque
1063 1130 1235 1173 divinam
1263 1130 1472 1184 credebat3
1519 1131 1631 1173 cuius

74 1204 268 1262 triplieem
290 1216 382 1246 esse
404 1209 578 1260 partem,
610 1201 763 1244 ratione
788 1201 939 1243 scilicet
961 1199 1198 1256 praeditam,
1231 1200 1493 1250 irascentem,
1537 1213 1632 1240 con-

76 1272 359 1330 cupiscentem.
420 1270 591 1327 Nuptias
613 1277 653 1312 et
673 1283 823 1313 uxores
844 1268 1087 1326 promiscuas
1110 1282 1200 1310 esse
1225 1267 1423 1320 omnibus,
1458 1281 1504 1309 ac
1525 1281 1632 1309 com-

76 1355 217 1385 munes
241 1341 422 1393 volebat,
461 1353 576 1381 nemo
602 1346 644 1381 ut
665 1338 846 1394 privatim
870 1337 1077 1393 coniugem
1101 1351 1211 1378 suam
1235 1337 1423 1389 haberet,
1457 1337 1525 1378 sed
1547 1336 1632 1393 qui-

75 1399 172 1453 libet
200 1424 290 1452 cum
318 1409 542 1452 votentibus
572 1407 897 1450 consuetudinem
930 1405 1106 1448 haberet.

190 1477 416 1535 Aristippus
450 1474 684 1534 Cyrenaeus
717 1475 846 1518 ventri
885 1474 1110 1531 gutturique
1155 1473 1308 1516 deditus
1349 1487 1396 1515 ac
1426 1473 1632 1529 voluptua-

77 1547 160 1592 rius
190 1547 306 1590 finem
329 1546 483 1588 animae
508 1544 610 1587 dixit
636 1558 727 1586 esse
755 1544 1018 1600 voluptatem3
1061 1557 1135 1599 qua
1161 1542 1225 1598 qui
1261 1542 1426 1593 fruitur,
1474 1541 1629 1593 beatus,

77 1615 143 1673 qui
171 1615 331 1659 omnino
361 1621 496 1666 caret,
530 1612 824 1655 infelicissimus
855 1613 976 1654 sitae
997 1611 1257 1653 miserrimus.
1320 1608 1380 1652 Ita
1402 1610 1518 1666 vulgo
1550 1623 1632 1652 me-

76 1691 247 1728 morant.

189 1752 428 1797 Theodorus
459 1757 723 1807 cognomento
749 1748 904 1791 Atheus
939 1762 1038 1805 quae
1068 1748 1115 1790 de
1142 1748 1216 1790 deo
1249 1748 1476 1789 dicerentur
1505 1762 1631 1804 nugas

78 1835 171 1866 esee
193 1834 324 1869 ueras
347 1820 559 1864 arbitratus
583 1826 666 1871 est,
698 1819 836 1875 quippe
853 1818 977 1869 *deum
1004 1831 1094 1859 esse
1117 1816 1280 1858 nullum.
1343 1813 1406 1858 ob
1429 1817 1465 1858 id
1490 1817 1628 1869 furari,

78 1890 281 1948 peierare,
312 1903 454 1947 rapere
477 1888 666 1932 suadebat
688 1887 892 1939 omnibus,
937 1899 1064 1942 neque
1089 1900 1158 1942 pro
1180 1885 1305 1942 patria
1326 1891 1490 1927 mortem
1512 1899 1631 1941 oppe-

78 1965 190 2011 tere3
221 1957 377 2001 unicam
397 1957 503 1999 enim
525 1957 686 2013 patriam
709 1969 799 1998 esse
821 1955 1029 2006 mnndum,
1076 1967 1243 2010 eumque
1270 1954 1537 1995 tantummodo
1560 1954 1631 1996 bo-

78 2041 171 2069 num
196 2039 287 2069 esse
307 2026 372 2082 qui
397 2026 449 2068 sit
470 2012 633 2083 beatus3
680 2024 856 2081 quisquis
888 2030 1017 2066 autem
1049 2023 1189 2066 infelix
1213 2028 1342 2074 esset,
1386 2023 1540 2064 tametsi
1566 2037 1632 2066 sa-

78 2095 191 2153 piens
213 2095 338 2147 foret,
383 2108 473 2137 esse
499 2094 741 2150 fugiendum.
805 2091 988 2148 Denique
1022 2092 1084 2133 vei
1117 2090 1367 2149 insipientem
1395 2098 1512 2147 atque
1537 2106 1632 2134 con-

78 2171 268 2207 tumacem
300 2163 460 2206 divitem
490 2162 760 2204 asciscendum
791 2174 899 2203 esse.

191 2230 388 2289 Hegesias
423 2228 659 2288 Cyrenaeus
692 2229 902 2272 amicitiam
944 2243 990 2271 ac
1030 2229 1196 2284 gratiam
1232 2228 1406 2271 funditus
1445 2228 1629 2281 tollebat3

78 2314 152 2344 nee
179 2300 279 2344 ullas
308 2314 398 2342 esse
430 2298 602 2340 dicebat.
662 2296 766 2340 Nam
798 2305 865 2340 ant
898 2304 1080 2354 egentem
1115 2296 1279 2339 alterius
1310 2311 1429 2354 opera
1462 2296 1564 2338 inire
1584 2296 1632 2338 ab

78 2384 129 2413 eo
149 2369 342 2427 gratiam3
375 2375 442 2410 aut
463 2366 611 2409 maiore
633 2366 814 2408 affectum
836 2365 1029 2408 beneflcio
1051 2365 1226 2407 vicissim
1250 2366 1485 2422 rependere.
1549 2363 1633 2406 Ho-

76 2438 172 2481 mini
202 2437 305 2480 malo
340 2437 459 2478 vitam
494 2434 711 2491 expedire3
752 2433 917 2491 sapienti
955 2441 1120 2476 mortem
1149 2434 1296 2476 aiebat.
1359 2432 1472 2477 Unde
1505 2447 1526 2474 a
1551 2432 1633 2489 ple-

75 2507 210 2564 risque
239 2501 543 2553 πεισιθάνατος,
576 2503 611 2544 id
643 2510 703 2544 est
734 2502 872 2544 mortis
903 2516 1047 2544 suasor
1075 2502 1294 2559 appellatus
1326 2509 1403 2543 est.

190 2574 450 2618 Antisthenes
475 2586 497 2614 e
517 2570 688 2614 Thracia
713 2578 836 2613 matre
859 2570 1028 2614 Athenis
1053 2577 1169 2613 natus
1192 2571 1355 2628 primum
1378 2568 1628 2621 Socraticus,

77 2643 216 2687 deinde
240 2640 417 2701 Cynicus
450 2640 598 2683 extitit.
662 2638 737 2681 Hic
760 2638 924 2681 aliorum
950 2639 1103 2682 scelera
1137 2653 1182 2681 ac
1207 2638 1466 2700 turpitudines
1497 2652 1632 2679 aemu-

75 2711 147 2755 tori
172 2711 366 2755 neminem
389 2717 574 2767 oportere
601 2708 749 2749 docuit.
812 2705 975 2749 Urbium
1002 2707 1156 2749 moenia
1183 2708 1375 2749 adversus
1400 2706 1630 2749 intestinum

77 2779 315 2838 proditorem
346 2778 565 2829 imbecilla,
611 2777 763 2818 animae
789 2789 886 2817 vero
917 2775 1026 2817 firma
1057 2783 1097 2817 et
1123 2776 1356 2818 inconcussa
1389 2775 1543 2817 moenia
1573 2774 1631 2817 di-

76 2848 206 2891 cebat.

121 2982 156 3019 9.
181 2982 292 3027 ἕτερον
310 2994 371 3017 non
392 2984 483 3017 habet
500 2984 567 3017 cod.
590 2982 718 3023 Rhedt'fl.
754 2982 829 3014 For·
876 2982 945 3013 tulit
968 2979 1044 3012 Non
1073 2978 1251 3013 convenire
1266 2979 1423 3013 aemulari
1444 2979 1532 3015 mala
1550 2979 1635 3015 alio-

76 3034 158 3064 tasse
187 3030 386 3063 scribendum
415 3027 560 3071 ἒτέρων,
593 3029 677 3069 quod
710 3029 832 3059 Corna-
880 3037 951 3059 rum
975 3032 1031 3059 ant
1055 3025 1178 3059 alienas
1203 3024 1435 3070 turpitudines.

74 3077 271 3118 numaeque
289 3076 441 3108 minuisse
459 3075 593 3115 videtur,
612 3077 645 3106 ut
663 3074 717 3115 qut
732 3076 837 3105 trans-
