<?xml version="1.0" encoding="UTF-8"?>
<!DOCTYPE html PUBLIC "-//W3C//DTD XHTML 1.0 Transitional//EN"
    "http://www.w3.org/TR/xhtml1/DTD/xhtml1-transitional.dtd">
<html xmlns="http://www.w3.org/1999/xhtml" xml:lang="en" lang="en">
 <head>
  <title>
</title>
<meta http-equiv="Content-Type" content="text/html;charset=utf-8" />
  <meta name='ocr-system' content='tesseract 3.04.00' />
  <meta name='ocr-capabilities' content='ocr_page ocr_carea ocr_par ocr_line ocrx_word'/>
</head>
<body>
  <div class='ocr_page' id='page_1' title='image "./corporishaereseo23epip_0335.png"; bbox 0 0 2020 3276; ppageno 0'>
   <div class='ocr_carea' id='block_1_1' title="bbox 82 240 1626 391">
    <p class='ocr_par' dir='ltr' id='par_1_1' title="bbox 82 240 1626 389">
     <span class='ocr_line' id='line_1_1' title="bbox 412 240 1622 282; baseline 0 0"><span class='ocrx_word' id='word_1_1' title='bbox 412 246 596 282; x_wconf 70' lang='lat' dir='ltr'>PANARII</span> <span class='ocrx_word' id='word_1_2' title='bbox 618 246 704 282; x_wconf 78' lang='lat' dir='ltr'>Lm.</span> <span class='ocrx_word' id='word_1_3' title='bbox 721 247 782 282; x_wconf 81' lang='grc' dir='ltr'>ΠΙ.</span> <span class='ocrx_word' id='word_1_4' title='bbox 805 246 916 282; x_wconf 81' lang='grc' dir='ltr'><strong>ΤΟΜ.</strong></span> <span class='ocrx_word' id='word_1_5' title='bbox 937 249 963 281; x_wconf 85' lang='lat'>1.</span> <span class='ocrx_word' id='word_1_6' title='bbox 988 247 1122 282; x_wconf 69' lang='lat' dir='ltr'>num.</span> <span class='ocrx_word' id='word_1_7' title='bbox 1145 247 1304 282; x_wconf 85' lang='lat' dir='ltr'>LXXVI.</span> <span class='ocrx_word' id='word_1_8' title='bbox 1540 240 1622 282; x_wconf 78' lang='lat'>323</span> 
     </span>
     <span class='ocr_line' id='line_1_2' title="bbox 82 324 1626 391; baseline -0.001 -18"><span class='ocrx_word' id='word_1_9' title='bbox 82 327 288 391; x_wconf 56' lang='lat' dir='ltr'>pan-tin</span> <span class='ocrx_word' id='word_1_10' title='bbox 319 334 364 371; x_wconf 71' lang='lat' dir='ltr'>nt</span> <span class='ocrx_word' id='word_1_11' title='bbox 396 326 538 384; x_wconf 76' lang='lat' dir='ltr'>tegatis</span> <span class='ocrx_word' id='word_1_12' title='bbox 571 327 741 384; x_wconf 88' lang='lat' dir='ltr'>postulo.</span> <span class='ocrx_word' id='word_1_13' title='bbox 815 324 875 368; x_wconf 86' lang='lat' dir='ltr'>lta</span> <span class='ocrx_word' id='word_1_14' title='bbox 906 325 1036 378; x_wconf 87' lang='lat' dir='ltr'>enim,</span> <span class='ocrx_word' id='word_1_15' title='bbox 1082 342 1107 369; x_wconf 95' lang='lat' dir='ltr'>o</span> <span class='ocrx_word' id='word_1_16' title='bbox 1143 325 1359 371; x_wconf 74' lang='lat' dir='ltr'>Christiani</span> <span class='ocrx_word' id='word_1_17' title='bbox 1395 342 1442 371; x_wconf 85' lang='grc' dir='ltr'>ιο</span> <span class='ocrx_word' id='word_1_18' title='bbox 1476 326 1626 371; x_wconf 79' lang='lat' dir='ltr'>Christi</span> 
     </span>
    </p>
   </div>
   <div class='ocr_carea' id='block_1_2' title="bbox 28 395 1631 1068">
    <p class='ocr_par' dir='ltr' id='par_1_2' title="bbox 28 395 1631 1068">
     <span class='ocr_line' id='line_1_3' title="bbox 81 395 1624 458; baseline -0.001 -17"><span class='ocrx_word' id='word_1_19' title='bbox 81 395 215 458; x_wconf 43' lang='lat' dir='ltr'>fibi,</span> <span class='ocrx_word' id='word_1_20' title='bbox 253 395 514 452; x_wconf 59' lang='lat' dir='ltr'>vetitamque</span> <span class='ocrx_word' id='word_1_21' title='bbox 547 395 637 448; x_wconf 80' lang='lat' dir='ltr'>tilii,</span> <span class='ocrx_word' id='word_1_22' title='bbox 684 403 883 438; x_wconf 76' lang='lat' dir='ltr'>terrenam</span> <span class='ocrx_word' id='word_1_23' title='bbox 914 408 960 437; x_wconf 87' lang='lat' dir='ltr'>ac</span> <span class='ocrx_word' id='word_1_24' title='bbox 989 395 1242 438; x_wconf 87' lang='lat' dir='ltr'>vanissimam</span> <span class='ocrx_word' id='word_1_25' title='bbox 1266 396 1370 438; x_wconf 88' lang='lat' dir='ltr'>illius</span> <span class='ocrx_word' id='word_1_26' title='bbox 1390 396 1624 449; x_wconf 81' lang='lat' dir='ltr'>doctrinam,</span> 
     </span>
     <span class='ocr_line' id='line_1_4' title="bbox 80 461 1626 525; baseline -0.001 -17"><span class='ocrx_word' id='word_1_27' title='bbox 80 461 199 525; x_wconf 50' lang='lat' dir='ltr'>*e</span> <span class='ocrx_word' id='word_1_28' title='bbox 219 478 245 508; x_wconf 81' lang='grc' dir='ltr'>ι</span> <span class='ocrx_word' id='word_1_29' title='bbox 268 463 412 522; x_wconf 70' lang='lat' dir='ltr'>spiritu</span> <span class='ocrx_word' id='word_1_30' title='bbox 441 470 580 506; x_wconf 82' lang='lat' dir='ltr'>saneto</span> <span class='ocrx_word' id='word_1_31' title='bbox 604 477 767 520; x_wconf 80' lang='lat' dir='ltr'>prorsus</span> <span class='ocrx_word' id='word_1_32' title='bbox 799 463 1076 505; x_wconf 74' lang='lat' dir='ltr'>abhorrentem</span> <span class='ocrx_word' id='word_1_33' title='bbox 1102 476 1191 506; x_wconf 89' lang='lat' dir='ltr'>esse</span> <span class='ocrx_word' id='word_1_34' title='bbox 1216 464 1484 520; x_wconf 87' lang='lat' dir='ltr'>cognoscetis.</span> <span class='ocrx_word' id='word_1_35' title='bbox 1547 465 1626 521; x_wconf 75' lang='lat' dir='ltr'>Qui</span> 
     </span>
     <span class='ocr_line' id='line_1_5' title="bbox 81 530 1629 588; baseline -0.001 -10"><span class='ocrx_word' id='word_1_36' title='bbox 81 532 206 579; x_wconf 62' lang='lat' dir='ltr'>bini</span> <span class='ocrx_word' id='word_1_37' title='bbox 224 530 339 576; x_wconf 72' lang='lat' dir='ltr'>verbi</span> <span class='ocrx_word' id='word_1_38' title='bbox 358 545 409 574; x_wconf 90' lang='lat' dir='ltr'>ne</span> <span class='ocrx_word' id='word_1_39' title='bbox 432 545 510 574; x_wconf 84' lang='lat' dir='ltr'>una</span> <span class='ocrx_word' id='word_1_40' title='bbox 537 530 691 588; x_wconf 89' lang='lat' dir='ltr'>quidem</span> <span class='ocrx_word' id='word_1_41' title='bbox 717 531 831 574; x_wconf 86' lang='lat' dir='ltr'>litera</span> <span class='ocrx_word' id='word_1_42' title='bbox 860 531 1098 574; x_wconf 87' lang='lat' dir='ltr'>mentionem</span> <span class='ocrx_word' id='word_1_43' title='bbox 1123 531 1275 587; x_wconf 83' lang='lat' dir='ltr'>attigit,</span> <span class='ocrx_word' id='word_1_44' title='bbox 1319 547 1392 576; x_wconf 88' lang='lat' dir='ltr'>nec</span> <span class='ocrx_word' id='word_1_45' title='bbox 1418 534 1537 576; x_wconf 89' lang='lat' dir='ltr'>ullum</span> <span class='ocrx_word' id='word_1_46' title='bbox 1558 548 1629 576; x_wconf 81' lang='lat' dir='ltr'>ve·</span> 
     </span>
     <span class='ocr_line' id='line_1_6' title="bbox 80 598 1628 659; baseline 0.001 -16"><span class='ocrx_word' id='word_1_47' title='bbox 80 601 180 646; x_wconf 52' lang='grc' dir='ltr'>αὔ</span> <span class='ocrx_word' id='word_1_48' title='bbox 196 607 265 647; x_wconf 74' lang='lat' dir='ltr'>eut</span> <span class='ocrx_word' id='word_1_49' title='bbox 283 599 380 643; x_wconf 71' lang='lat' dir='ltr'>novi</span> <span class='ocrx_word' id='word_1_50' title='bbox 401 599 626 643; x_wconf 78' lang='lat' dir='ltr'>testamenti</span> <span class='ocrx_word' id='word_1_51' title='bbox 646 600 774 643; x_wconf 89' lang='lat' dir='ltr'>locum</span> <span class='ocrx_word' id='word_1_52' title='bbox 796 600 971 656; x_wconf 89' lang='lat' dir='ltr'>protulit.</span> <span class='ocrx_word' id='word_1_53' title='bbox 1031 598 1143 642; x_wconf 89' lang='lat' dir='ltr'>Nihil</span> <span class='ocrx_word' id='word_1_54' title='bbox 1165 614 1219 642; x_wconf 83' lang='lat' dir='ltr'>ex</span> <span class='ocrx_word' id='word_1_55' title='bbox 1238 600 1343 655; x_wconf 86' lang='lat' dir='ltr'>lege,</span> <span class='ocrx_word' id='word_1_56' title='bbox 1379 602 1474 644; x_wconf 90' lang='lat' dir='ltr'>nibil</span> <span class='ocrx_word' id='word_1_57' title='bbox 1494 616 1518 644; x_wconf 93' lang='lat' dir='ltr'>e</span> <span class='ocrx_word' id='word_1_58' title='bbox 1538 616 1628 659; x_wconf 90' lang='lat' dir='ltr'>pro-</span> 
     </span>
     <span class='ocr_line' id='line_1_7' title="bbox 81 665 1628 728; baseline 0.001 -16"><span class='ocrx_word' id='word_1_59' title='bbox 81 667 236 728; x_wconf 52' lang='grc' dir='ltr'>Μ,</span> <span class='ocrx_word' id='word_1_60' title='bbox 268 665 365 712; x_wconf 83' lang='lat' dir='ltr'>nihil</span> <span class='ocrx_word' id='word_1_61' title='bbox 384 681 439 711; x_wconf 83' lang='lat' dir='ltr'>ex</span> <span class='ocrx_word' id='word_1_62' title='bbox 458 667 692 725; x_wconf 81' lang='lat' dir='ltr'>evangeliis,</span> <span class='ocrx_word' id='word_1_63' title='bbox 724 667 820 710; x_wconf 89' lang='lat' dir='ltr'>nihil</span> <span class='ocrx_word' id='word_1_64' title='bbox 843 681 896 710; x_wconf 84' lang='lat' dir='ltr'>ex</span> <span class='ocrx_word' id='word_1_65' title='bbox 915 667 1122 724; x_wconf 87' lang='lat' dir='ltr'>apostolis,</span> <span class='ocrx_word' id='word_1_66' title='bbox 1155 668 1250 710; x_wconf 90' lang='lat' dir='ltr'>nihil</span> <span class='ocrx_word' id='word_1_67' title='bbox 1273 683 1295 710; x_wconf 92' lang='lat' dir='ltr'>e</span> <span class='ocrx_word' id='word_1_68' title='bbox 1318 671 1628 725; x_wconf 85' lang='lat' dir='ltr'>patriarcharum</span> 
     </span>
     <span class='ocr_line' id='line_1_8' title="bbox 81 734 1628 792; baseline -0.001 -10"><span class='ocrx_word' id='word_1_69' title='bbox 81 737 320 782; x_wconf 60' lang='lat' dir='ltr'>hedi-oniis</span> <span class='ocrx_word' id='word_1_70' title='bbox 352 736 394 780; x_wconf 87' lang='lat' dir='ltr'>in</span> <span class='ocrx_word' id='word_1_71' title='bbox 430 736 598 779; x_wconf 77' lang='lat' dir='ltr'>medium</span> <span class='ocrx_word' id='word_1_72' title='bbox 628 735 807 778; x_wconf 81' lang='lat' dir='ltr'>adduxit.</span> <span class='ocrx_word' id='word_1_73' title='bbox 867 734 962 778; x_wconf 90' lang='lat' dir='ltr'>Non</span> <span class='ocrx_word' id='word_1_74' title='bbox 991 735 1116 792; x_wconf 88' lang='lat' dir='ltr'>ipsius</span> <span class='ocrx_word' id='word_1_75' title='bbox 1148 737 1361 780; x_wconf 87' lang='lat' dir='ltr'>salvatoris</span> <span class='ocrx_word' id='word_1_76' title='bbox 1393 739 1628 781; x_wconf 86' lang='lat' dir='ltr'>seutentiam</span> 
     </span>
     <span class='ocr_line' id='line_1_9' title="bbox 28 804 1631 862; baseline 0.001 -13"><span class='ocrx_word' id='word_1_77' title='bbox 28 815 30 817; x_wconf 84' lang='grc'><em>“</em></span> <span class='ocrx_word' id='word_1_78' title='bbox 82 805 226 859; x_wconf 69' lang='lat' dir='ltr'>ulbm,</span> <span class='ocrx_word' id='word_1_79' title='bbox 267 819 347 848; x_wconf 74' lang='lat' dir='ltr'>non</span> <span class='ocrx_word' id='word_1_80' title='bbox 372 805 495 862; x_wconf 84' lang='lat' dir='ltr'>patris</span> <span class='ocrx_word' id='word_1_81' title='bbox 521 804 761 862; x_wconf 76' lang='lat' dir='ltr'>spiritusque</span> <span class='ocrx_word' id='word_1_82' title='bbox 784 804 911 846; x_wconf 84' lang='lat' dir='ltr'>sancti</span> <span class='ocrx_word' id='word_1_83' title='bbox 936 804 1080 846; x_wconf 89' lang='lat' dir='ltr'>dictum</span> <span class='ocrx_word' id='word_1_84' title='bbox 1104 804 1261 860; x_wconf 80' lang='lat' dir='ltr'>aliquod</span> <span class='ocrx_word' id='word_1_85' title='bbox 1280 805 1328 847; x_wconf 89' lang='lat' dir='ltr'>ab</span> <span class='ocrx_word' id='word_1_86' title='bbox 1352 808 1542 862; x_wconf 87' lang='lat' dir='ltr'>apostolis</span> <span class='ocrx_word' id='word_1_87' title='bbox 1566 808 1631 850; x_wconf 85' lang='lat' dir='ltr'>vel</span> 
     </span>
     <span class='ocr_line' id='line_1_10' title="bbox 82 870 1631 933; baseline 0.001 -15"><span class='ocrx_word' id='word_1_88' title='bbox 82 873 283 933; x_wconf 53' lang='lat' dir='ltr'>prope&amp;</span> <span class='ocrx_word' id='word_1_89' title='bbox 317 881 666 916; x_wconf 82' lang='lat' dir='ltr'>commemoratum</span> <span class='ocrx_word' id='word_1_90' title='bbox 700 873 918 929; x_wconf 79' lang='lat' dir='ltr'>proposuit.</span> <span class='ocrx_word' id='word_1_91' title='bbox 979 870 1071 927; x_wconf 81' lang='lat' dir='ltr'>Quo</span> <span class='ocrx_word' id='word_1_92' title='bbox 1105 872 1199 914; x_wconf 92' lang='lat' dir='ltr'>illud</span> <span class='ocrx_word' id='word_1_93' title='bbox 1235 873 1414 916; x_wconf 85' lang='lat' dir='ltr'>veritatis</span> <span class='ocrx_word' id='word_1_94' title='bbox 1451 883 1631 919; x_wconf 86' lang='lat' dir='ltr'>amantes</span> 
     </span>
     <span class='ocr_line' id='line_1_11' title="bbox 82 941 1631 999; baseline -0.001 -12"><span class='ocrx_word' id='word_1_95' title='bbox 82 941 327 999; x_wconf 54' lang='lat' dir='ltr'>hum,</span> <span class='ocrx_word' id='word_1_96' title='bbox 357 941 473 998; x_wconf 85' lang='lat' dir='ltr'>plane</span> <span class='ocrx_word' id='word_1_97' title='bbox 491 941 598 984; x_wconf 90' lang='lat' dir='ltr'>illum</span> <span class='ocrx_word' id='word_1_98' title='bbox 622 955 647 983; x_wconf 90' lang='grc' dir='ltr'>ι</span> <span class='ocrx_word' id='word_1_99' title='bbox 671 941 746 983; x_wconf 89' lang='lat' dir='ltr'>deo</span> <span class='ocrx_word' id='word_1_100' title='bbox 771 954 861 983; x_wconf 87' lang='lat' dir='ltr'>esse</span> <span class='ocrx_word' id='word_1_101' title='bbox 883 948 925 983; x_wconf 90' lang='lat' dir='ltr'>et</span> <span class='ocrx_word' id='word_1_102' title='bbox 946 955 971 983; x_wconf 84' lang='lat' dir='ltr'>a</span> <span class='ocrx_word' id='word_1_103' title='bbox 992 941 1066 983; x_wconf 83' lang='lat' dir='ltr'>lide</span> <span class='ocrx_word' id='word_1_104' title='bbox 1087 941 1209 996; x_wconf 88' lang='lat' dir='ltr'>ipsius</span> <span class='ocrx_word' id='word_1_105' title='bbox 1233 942 1419 984; x_wconf 87' lang='lat' dir='ltr'>alienum.</span> <span class='ocrx_word' id='word_1_106' title='bbox 1481 942 1631 986; x_wconf 78' lang='lat' dir='ltr'>Contra</span> 
     </span>
     <span class='ocr_line' id='line_1_12' title="bbox 85 1008 1630 1068; baseline -0.001 -13"><span class='ocrx_word' id='word_1_107' title='bbox 85 1010 185 1055; x_wconf 51' lang='grc' dir='ltr'><strong>Η</strong></span> <span class='ocrx_word' id='word_1_108' title='bbox 214 1009 320 1055; x_wconf 64' lang='lat' dir='ltr'>imus</span> <span class='ocrx_word' id='word_1_109' title='bbox 345 1010 504 1053; x_wconf 75' lang='lat' dir='ltr'>decreta</span> <span class='ocrx_word' id='word_1_110' title='bbox 536 1009 690 1052; x_wconf 89' lang='lat' dir='ltr'>abunde</span> <span class='ocrx_word' id='word_1_111' title='bbox 712 1023 735 1051; x_wconf 90' lang='lat' dir='ltr'>a</span> <span class='ocrx_word' id='word_1_112' title='bbox 759 1008 873 1051; x_wconf 89' lang='lat' dir='ltr'>nohis</span> <span class='ocrx_word' id='word_1_113' title='bbox 905 1008 1095 1051; x_wconf 86' lang='lat' dir='ltr'>hactenus</span> <span class='ocrx_word' id='word_1_114' title='bbox 1120 1024 1191 1066; x_wconf 88' lang='lat' dir='ltr'>pro</span> <span class='ocrx_word' id='word_1_115' title='bbox 1219 1009 1371 1053; x_wconf 85' lang='lat' dir='ltr'>viribus</span> <span class='ocrx_word' id='word_1_116' title='bbox 1394 1011 1630 1068; x_wconf 83' lang='lat' dir='ltr'>disputatum</span> 
     </span>
    </p>
   </div>
   <div class='ocr_carea' id='block_1_3' title="bbox 21 1077 1646 3115">
    <p class='ocr_par' dir='ltr' id='par_1_3' title="bbox 85 1077 1638 1874">
     <span class='ocr_line' id='line_1_13' title="bbox 85 1077 1632 1135; baseline -0.001 -11"><span class='ocrx_word' id='word_1_117' title='bbox 85 1078 273 1132; x_wconf 61' lang='lat' dir='ltr'>affluar,</span> <span class='ocrx_word' id='word_1_118' title='bbox 302 1090 352 1122; x_wconf 76' lang='lat' dir='ltr'>ao</span> <span class='ocrx_word' id='word_1_119' title='bbox 370 1078 457 1122; x_wconf 81' lang='lat' dir='ltr'>rudi</span> <span class='ocrx_word' id='word_1_120' title='bbox 476 1077 631 1134; x_wconf 79' lang='lat' dir='ltr'>quidem</span> <span class='ocrx_word' id='word_1_121' title='bbox 653 1084 694 1120; x_wconf 89' lang='lat' dir='ltr'>et</span> <span class='ocrx_word' id='word_1_122' title='bbox 713 1077 878 1134; x_wconf 78' lang='lat' dir='ltr'>simplici</span> <span class='ocrx_word' id='word_1_123' title='bbox 897 1077 1089 1120; x_wconf 85' lang='lat' dir='ltr'>orationis</span> <span class='ocrx_word' id='word_1_124' title='bbox 1108 1079 1230 1135; x_wconf 80' lang='lat' dir='ltr'>stylo,</span> <span class='ocrx_word' id='word_1_125' title='bbox 1261 1080 1331 1122; x_wconf 87' lang='lat' dir='ltr'>sed</span> <span class='ocrx_word' id='word_1_126' title='bbox 1349 1080 1478 1123; x_wconf 86' lang='lat' dir='ltr'>allatis</span> <span class='ocrx_word' id='word_1_127' title='bbox 1498 1095 1632 1123; x_wconf 86' lang='lat' dir='ltr'>sacra—</span> 
     </span>
     <span class='ocr_line' id='line_1_14' title="bbox 86 1145 1632 1203; baseline 0 -11"><span class='ocrx_word' id='word_1_128' title='bbox 86 1161 173 1192; x_wconf 70' lang='lat' dir='ltr'>n-</span> <span class='ocrx_word' id='word_1_129' title='bbox 188 1145 398 1192; x_wconf 66' lang='lat' dir='ltr'>tiaram-</span> <span class='ocrx_word' id='word_1_130' title='bbox 419 1145 735 1198; x_wconf 80' lang='lat' dir='ltr'>auctoritatibus,</span> <span class='ocrx_word' id='word_1_131' title='bbox 766 1159 814 1188; x_wconf 84' lang='lat' dir='ltr'>ac</span> <span class='ocrx_word' id='word_1_132' title='bbox 836 1145 1075 1202; x_wconf 77' lang='lat' dir='ltr'>depromptis</span> <span class='ocrx_word' id='word_1_133' title='bbox 1094 1159 1146 1189; x_wconf 85' lang='lat' dir='ltr'>ex</span> <span class='ocrx_word' id='word_1_134' title='bbox 1169 1147 1358 1203; x_wconf 88' lang='lat' dir='ltr'>religioso</span> <span class='ocrx_word' id='word_1_135' title='bbox 1373 1148 1494 1190; x_wconf 80' lang='lat' dir='ltr'>animi</span> <span class='ocrx_word' id='word_1_136' title='bbox 1511 1163 1632 1192; x_wconf 87' lang='lat' dir='ltr'>sensu</span> 
     </span>
     <span class='ocr_line' id='line_1_15' title="bbox 86 1212 1634 1271; baseline 0 -11"><span class='ocrx_word' id='word_1_137' title='bbox 86 1213 306 1260; x_wconf 59' lang='lat' dir='ltr'>catinam</span> <span class='ocrx_word' id='word_1_138' title='bbox 338 1214 442 1258; x_wconf 70' lang='lat' dir='ltr'>iltius</span> <span class='ocrx_word' id='word_1_139' title='bbox 471 1213 639 1271; x_wconf 85' lang='lat' dir='ltr'>impetus</span> <span class='ocrx_word' id='word_1_140' title='bbox 670 1227 760 1257; x_wconf 88' lang='lat' dir='ltr'>esse</span> <span class='ocrx_word' id='word_1_141' title='bbox 790 1214 1008 1256; x_wconf 83' lang='lat' dir='ltr'>discussos.</span> <span class='ocrx_word' id='word_1_142' title='bbox 1068 1212 1209 1271; x_wconf 82' lang='lat' dir='ltr'>ltaque</span> <span class='ocrx_word' id='word_1_143' title='bbox 1235 1231 1323 1261; x_wconf 85' lang='lat' dir='ltr'>cum</span> <span class='ocrx_word' id='word_1_144' title='bbox 1346 1217 1385 1259; x_wconf 91' lang='lat' dir='ltr'>in</span> <span class='ocrx_word' id='word_1_145' title='bbox 1408 1217 1513 1260; x_wconf 85' lang='lat' dir='ltr'>illius</span> <span class='ocrx_word' id='word_1_146' title='bbox 1540 1232 1634 1260; x_wconf 87' lang='lat' dir='ltr'>cou-</span> 
     </span>
     <span class='ocr_line' id='line_1_16' title="bbox 87 1282 1635 1339; baseline 0.001 -12"><span class='ocrx_word' id='word_1_147' title='bbox 87 1282 344 1328; x_wconf 67' lang='lat' dir='ltr'>remo-ibus</span> <span class='ocrx_word' id='word_1_148' title='bbox 363 1284 412 1326; x_wconf 76' lang='lat' dir='ltr'>de</span> <span class='ocrx_word' id='word_1_149' title='bbox 438 1283 514 1326; x_wconf 82' lang='lat' dir='ltr'>fide</span> <span class='ocrx_word' id='word_1_150' title='bbox 537 1282 634 1326; x_wconf 85' lang='lat' dir='ltr'>satis</span> <span class='ocrx_word' id='word_1_151' title='bbox 659 1289 794 1339; x_wconf 84' lang='lat' dir='ltr'>aperte</span> <span class='ocrx_word' id='word_1_152' title='bbox 819 1282 1145 1336; x_wconf 76' lang='lat' dir='ltr'>disseruerimus,</span> <span class='ocrx_word' id='word_1_153' title='bbox 1185 1285 1364 1327; x_wconf 86' lang='lat' dir='ltr'>sufficere</span> <span class='ocrx_word' id='word_1_154' title='bbox 1393 1286 1497 1328; x_wconf 88' lang='lat' dir='ltr'>istud</span> <span class='ocrx_word' id='word_1_155' title='bbox 1530 1286 1635 1328; x_wconf 88' lang='lat' dir='ltr'>arbi·</span> 
     </span>
     <span class='ocr_line' id='line_1_17' title="bbox 88 1350 1634 1411; baseline 0.001 -15"><span class='ocrx_word' id='word_1_156' title='bbox 88 1359 264 1404; x_wconf 58' lang='lat' dir='ltr'>tranum</span> <span class='ocrx_word' id='word_1_157' title='bbox 306 1365 358 1395; x_wconf 76' lang='lat' dir='ltr'>ne</span> <span class='ocrx_word' id='word_1_158' title='bbox 389 1351 423 1393; x_wconf 91' lang='lat' dir='ltr'>si</span> <span class='ocrx_word' id='word_1_159' title='bbox 458 1350 623 1408; x_wconf 88' lang='lat' dir='ltr'>amplius</span> <span class='ocrx_word' id='word_1_160' title='bbox 655 1350 798 1407; x_wconf 85' lang='lat' dir='ltr'>aliquid</span> <span class='ocrx_word' id='word_1_161' title='bbox 833 1351 1018 1393; x_wconf 76' lang='lat' dir='ltr'>addamus</span> <span class='ocrx_word' id='word_1_162' title='bbox 1050 1352 1315 1395; x_wconf 88' lang='lat' dir='ltr'>molestiorem</span> <span class='ocrx_word' id='word_1_163' title='bbox 1352 1355 1483 1411; x_wconf 88' lang='lat' dir='ltr'>operis</span> <span class='ocrx_word' id='word_1_164' title='bbox 1520 1355 1634 1397; x_wconf 89' lang='lat' dir='ltr'>huius</span> 
     </span>
     <span class='ocr_line' id='line_1_18' title="bbox 90 1418 1634 1478; baseline 0.001 -14"><span class='ocrx_word' id='word_1_165' title='bbox 90 1419 300 1464; x_wconf 71' lang='lat' dir='ltr'>tectionem</span> <span class='ocrx_word' id='word_1_166' title='bbox 329 1432 625 1476; x_wconf 80' lang='lat' dir='ltr'>supervacanea</span> <span class='ocrx_word' id='word_1_167' title='bbox 655 1418 898 1475; x_wconf 83' lang='lat' dir='ltr'>longitudine</span> <span class='ocrx_word' id='word_1_168' title='bbox 930 1419 1132 1462; x_wconf 74' lang='lat' dir='ltr'>faciamus.</span> <span class='ocrx_word' id='word_1_169' title='bbox 1194 1419 1275 1463; x_wconf 87' lang='lat' dir='ltr'>Sed</span> <span class='ocrx_word' id='word_1_170' title='bbox 1297 1436 1421 1478; x_wconf 85' lang='lat' dir='ltr'>pauca</span> <span class='ocrx_word' id='word_1_171' title='bbox 1445 1424 1634 1478; x_wconf 85' lang='lat' dir='ltr'>quaedam</span> 
     </span>
     <span class='ocr_line' id='line_1_19' title="bbox 89 1486 1637 1547; baseline 0.002 -16"><span class='ocrx_word' id='word_1_172' title='bbox 89 1486 341 1531; x_wconf 81' lang='lat' dir='ltr'>nihilominus</span> <span class='ocrx_word' id='word_1_173' title='bbox 360 1487 611 1530; x_wconf 84' lang='lat' dir='ltr'>retractanda</span> <span class='ocrx_word' id='word_1_174' title='bbox 642 1500 688 1528; x_wconf 87' lang='lat' dir='ltr'>ac</span> <span class='ocrx_word' id='word_1_175' title='bbox 710 1487 885 1530; x_wconf 86' lang='lat' dir='ltr'>breviter</span> <span class='ocrx_word' id='word_1_176' title='bbox 905 1489 1139 1544; x_wconf 82' lang='lat' dir='ltr'>exponenda</span> <span class='ocrx_word' id='word_1_177' title='bbox 1162 1497 1253 1531; x_wconf 89' lang='lat' dir='ltr'>sunt</span> <span class='ocrx_word' id='word_1_178' title='bbox 1276 1491 1397 1533; x_wconf 81' lang='lat' dir='ltr'>exiis</span> <span class='ocrx_word' id='word_1_179' title='bbox 1423 1505 1521 1547; x_wconf 90' lang='lat' dir='ltr'>quae</span> <span class='ocrx_word' id='word_1_180' title='bbox 1547 1499 1637 1547; x_wconf 86' lang='lat' dir='ltr'>post</span> 
     </span>
     <span class='ocr_line' id='line_1_20' title="bbox 89 1555 1635 1614; baseline 0.001 -15"><span class='ocrx_word' id='word_1_181' title='bbox 89 1557 310 1614; x_wconf 79' lang='lat' dir='ltr'>importuna</span> <span class='ocrx_word' id='word_1_182' title='bbox 340 1555 406 1598; x_wconf 86' lang='lat' dir='ltr'>illa</span> <span class='ocrx_word' id='word_1_183' title='bbox 433 1555 681 1611; x_wconf 84' lang='lat' dir='ltr'>absurdaque</span> <span class='ocrx_word' id='word_1_184' title='bbox 717 1556 900 1611; x_wconf 82' lang='lat' dir='ltr'>dogmata</span> <span class='ocrx_word' id='word_1_185' title='bbox 931 1556 1166 1598; x_wconf 88' lang='lat' dir='ltr'>insolentius</span> <span class='ocrx_word' id='word_1_186' title='bbox 1196 1558 1322 1600; x_wconf 87' lang='lat' dir='ltr'>elatus</span> <span class='ocrx_word' id='word_1_187' title='bbox 1361 1558 1403 1600; x_wconf 91' lang='lat' dir='ltr'>in</span> <span class='ocrx_word' id='word_1_188' title='bbox 1433 1556 1635 1602; x_wconf 87' lang='lat' dir='ltr'>Christum</span> 
     </span>
     <span class='ocr_line' id='line_1_21' title="bbox 91 1623 1636 1683; baseline 0.001 -15"><span class='ocrx_word' id='word_1_189' title='bbox 91 1625 255 1682; x_wconf 84' lang='lat' dir='ltr'>eiusque</span> <span class='ocrx_word' id='word_1_190' title='bbox 277 1623 457 1680; x_wconf 77' lang='lat' dir='ltr'>spiritum</span> <span class='ocrx_word' id='word_1_191' title='bbox 476 1631 652 1666; x_wconf 89' lang='lat' dir='ltr'>sanctum</span> <span class='ocrx_word' id='word_1_192' title='bbox 679 1637 771 1680; x_wconf 88' lang='lat' dir='ltr'>prae</span> <span class='ocrx_word' id='word_1_193' title='bbox 789 1624 992 1680; x_wconf 87' lang='lat' dir='ltr'>utriusque</span> <span class='ocrx_word' id='word_1_194' title='bbox 1012 1625 1101 1666; x_wconf 90' lang='lat' dir='ltr'>odio</span> <span class='ocrx_word' id='word_1_195' title='bbox 1123 1626 1272 1667; x_wconf 80' lang='lat' dir='ltr'>nefarie</span> <span class='ocrx_word' id='word_1_196' title='bbox 1294 1627 1483 1679; x_wconf 79' lang='lat' dir='ltr'>contulit3</span> <span class='ocrx_word' id='word_1_197' title='bbox 1516 1641 1636 1683; x_wconf 87' lang='lat' dir='ltr'>quae-</span> 
     </span>
     <span class='ocr_line' id='line_1_22' title="bbox 89 1691 1636 1750; baseline 0.001 -15"><span class='ocrx_word' id='word_1_198' title='bbox 89 1706 167 1750; x_wconf 74' lang='lat' dir='ltr'>que</span> <span class='ocrx_word' id='word_1_199' title='bbox 185 1692 235 1735; x_wconf 83' lang='lat' dir='ltr'>ah</span> <span class='ocrx_word' id='word_1_200' title='bbox 253 1691 468 1749; x_wconf 86' lang='lat' dir='ltr'>impudenti</span> <span class='ocrx_word' id='word_1_201' title='bbox 487 1691 590 1734; x_wconf 87' lang='lat' dir='ltr'>illius</span> <span class='ocrx_word' id='word_1_202' title='bbox 611 1706 656 1733; x_wconf 87' lang='lat' dir='ltr'>ac</span> <span class='ocrx_word' id='word_1_203' title='bbox 676 1692 954 1748; x_wconf 87' lang='lat' dir='ltr'>discipulorum</span> <span class='ocrx_word' id='word_1_204' title='bbox 974 1692 1097 1749; x_wconf 86' lang='lat' dir='ltr'>ipsius</span> <span class='ocrx_word' id='word_1_205' title='bbox 1118 1708 1187 1735; x_wconf 88' lang='lat' dir='ltr'>ore</span> <span class='ocrx_word' id='word_1_206' title='bbox 1206 1695 1383 1750; x_wconf 76' lang='lat' dir='ltr'>profecta</span> <span class='ocrx_word' id='word_1_207' title='bbox 1403 1702 1443 1736; x_wconf 91' lang='lat' dir='ltr'>et</span> <span class='ocrx_word' id='word_1_208' title='bbox 1462 1696 1636 1737; x_wconf 88' lang='lat' dir='ltr'>inaudito</span> 
     </span>
     <span class='ocr_line' id='line_1_23' title="bbox 88 1760 1638 1818; baseline -0.001 -10"><span class='ocrx_word' id='word_1_209' title='bbox 88 1761 256 1818; x_wconf 69' lang='lat' dir='ltr'>qndn-</span> <span class='ocrx_word' id='word_1_210' title='bbox 284 1760 404 1807; x_wconf 77' lang='lat' dir='ltr'>animi</span> <span class='ocrx_word' id='word_1_211' title='bbox 436 1762 538 1803; x_wconf 74' lang='lat' dir='ltr'>fastu</span> <span class='ocrx_word' id='word_1_212' title='bbox 573 1762 878 1817; x_wconf 81' lang='lat' dir='ltr'>arrogantiaquc</span> <span class='ocrx_word' id='word_1_213' title='bbox 906 1761 945 1803; x_wconf 89' lang='lat' dir='ltr'>in</span> <span class='ocrx_word' id='word_1_214' title='bbox 974 1762 1086 1804; x_wconf 88' lang='lat' dir='ltr'>deum</span> <span class='ocrx_word' id='word_1_215' title='bbox 1117 1763 1514 1806; x_wconf 85' lang='lat' dir='ltr'>contumeliosissime</span> <span class='ocrx_word' id='word_1_216' title='bbox 1546 1771 1638 1806; x_wconf 90' lang='lat' dir='ltr'>sunt</span> 
     </span>
     <span class='ocr_line' id='line_1_24' title="bbox 89 1827 287 1874; baseline -0.005 0"><span class='ocrx_word' id='word_1_217' title='bbox 89 1827 287 1874; x_wconf 55' lang='lat' dir='ltr'>mun.</span> 
     </span>
    </p>

    <p class='ocr_par' dir='ltr' id='par_1_4' title="bbox 21 1893 1646 3115">
     <span class='ocr_line' id='line_1_25' title="bbox 204 1893 1638 1954; baseline 0.001 -13"><span class='ocrx_word' id='word_1_218' title='bbox 204 1894 282 1941; x_wconf 80' lang='lat' dir='ltr'>lv.</span> <span class='ocrx_word' id='word_1_219' title='bbox 341 1895 420 1940; x_wconf 76' lang='lat' dir='ltr'>uic</span> <span class='ocrx_word' id='word_1_220' title='bbox 450 1898 552 1940; x_wconf 88' lang='lat' dir='ltr'>enim</span> <span class='ocrx_word' id='word_1_221' title='bbox 583 1897 668 1954; x_wconf 84' lang='lat' dir='ltr'>ipse</span> <span class='ocrx_word' id='word_1_222' title='bbox 691 1911 780 1940; x_wconf 89' lang='lat' dir='ltr'>cum</span> <span class='ocrx_word' id='word_1_223' title='bbox 810 1898 894 1940; x_wconf 85' lang='lat' dir='ltr'>suis</span> <span class='ocrx_word' id='word_1_224' title='bbox 916 1897 957 1940; x_wconf 91' lang='lat' dir='ltr'>in</span> <span class='ocrx_word' id='word_1_225' title='bbox 982 1911 1069 1940; x_wconf 85' lang='lat' dir='ltr'>eam</span> <span class='ocrx_word' id='word_1_226' title='bbox 1095 1893 1281 1942; x_wconf 84' lang='lat' dir='ltr'>vanitatis</span> <span class='ocrx_word' id='word_1_227' title='bbox 1306 1900 1514 1943; x_wconf 87' lang='lat' dir='ltr'>amentiam</span> <span class='ocrx_word' id='word_1_228' title='bbox 1539 1900 1638 1943; x_wconf 86' lang='lat' dir='ltr'>inci-</span> 
     </span>
     <span class='ocr_line' id='line_1_26' title="bbox 92 1965 1638 2025; baseline 0.001 -16"><span class='ocrx_word' id='word_1_229' title='bbox 92 1965 173 2019; x_wconf 79' lang='lat' dir='ltr'>dit,</span> <span class='ocrx_word' id='word_1_230' title='bbox 214 1971 258 2008; x_wconf 72' lang='lat' dir='ltr'>ut</span> <span class='ocrx_word' id='word_1_231' title='bbox 276 1977 394 2021; x_wconf 76' lang='lat' dir='ltr'>snpra</span> <span class='ocrx_word' id='word_1_232' title='bbox 425 1965 610 2008; x_wconf 81' lang='lat' dir='ltr'>mortales</span> <span class='ocrx_word' id='word_1_233' title='bbox 637 1980 775 2008; x_wconf 88' lang='lat' dir='ltr'>omnes</span> <span class='ocrx_word' id='word_1_234' title='bbox 808 1966 923 2008; x_wconf 88' lang='lat' dir='ltr'>deum</span> <span class='ocrx_word' id='word_1_235' title='bbox 948 1980 993 2008; x_wconf 91' lang='lat' dir='ltr'>se</span> <span class='ocrx_word' id='word_1_236' title='bbox 1016 1981 1095 2008; x_wconf 90' lang='lat' dir='ltr'>nou</span> <span class='ocrx_word' id='word_1_237' title='bbox 1127 1967 1200 2009; x_wconf 80' lang='lat' dir='ltr'>fide</span> <span class='ocrx_word' id='word_1_238' title='bbox 1231 1968 1338 2020; x_wconf 88' lang='lat' dir='ltr'>sola,</span> <span class='ocrx_word' id='word_1_239' title='bbox 1380 1969 1450 2011; x_wconf 90' lang='lat' dir='ltr'>sed</span> <span class='ocrx_word' id='word_1_240' title='bbox 1481 1969 1638 2025; x_wconf 89' lang='lat' dir='ltr'>propria</span> 
     </span>
     <span class='ocr_line' id='line_1_27' title="bbox 21 2031 1636 2097; baseline 0.002 -21"><span class='ocrx_word' id='word_1_241' title='bbox 21 2087 33 2097; x_wconf 92' lang='lat'><strong>.</strong></span> <span class='ocrx_word' id='word_1_242' title='bbox 93 2032 259 2091; x_wconf 77' lang='lat' dir='ltr'>quadem</span> <span class='ocrx_word' id='word_1_243' title='bbox 278 2031 447 2076; x_wconf 77' lang='lat' dir='ltr'>seientia</span> <span class='ocrx_word' id='word_1_244' title='bbox 467 2035 800 2090; x_wconf 76' lang='lat' dir='ltr'>comprehendere</span> <span class='ocrx_word' id='word_1_245' title='bbox 823 2034 1004 2077; x_wconf 83' lang='lat' dir='ltr'>iactaret.</span> <span class='ocrx_word' id='word_1_246' title='bbox 1051 2033 1387 2090; x_wconf 82' lang='lat' dir='ltr'>Quemadmodum</span> <span class='ocrx_word' id='word_1_247' title='bbox 1413 2038 1525 2093; x_wconf 87' lang='lat' dir='ltr'>paulo</span> <span class='ocrx_word' id='word_1_248' title='bbox 1545 2044 1636 2080; x_wconf 88' lang='lat' dir='ltr'>ante</span> 
     </span>
     <span class='ocr_line' id='line_1_28' title="bbox 91 2100 1639 2159; baseline 0.002 -14"><span class='ocrx_word' id='word_1_249' title='bbox 91 2100 253 2146; x_wconf 72' lang='lat' dir='ltr'>memini</span> <span class='ocrx_word' id='word_1_250' title='bbox 272 2101 346 2144; x_wconf 87' lang='lat' dir='ltr'>hoc</span> <span class='ocrx_word' id='word_1_251' title='bbox 370 2100 421 2144; x_wconf 79' lang='lat' dir='ltr'>ab</span> <span class='ocrx_word' id='word_1_252' title='bbox 447 2100 524 2144; x_wconf 79' lang='lat' dir='ltr'>illis</span> <span class='ocrx_word' id='word_1_253' title='bbox 546 2102 727 2159; x_wconf 84' lang='lat' dir='ltr'>usurpari</span> <span class='ocrx_word' id='word_1_254' title='bbox 749 2102 931 2156; x_wconf 88' lang='lat' dir='ltr'>solitum,</span> <span class='ocrx_word' id='word_1_255' title='bbox 964 2103 1078 2146; x_wconf 89' lang='lat' dir='ltr'>deum</span> <span class='ocrx_word' id='word_1_256' title='bbox 1102 2118 1147 2145; x_wconf 85' lang='lat' dir='ltr'>se</span> <span class='ocrx_word' id='word_1_257' title='bbox 1170 2119 1248 2146; x_wconf 88' lang='lat' dir='ltr'>nou</span> <span class='ocrx_word' id='word_1_258' title='bbox 1273 2105 1360 2147; x_wconf 84' lang='lat' dir='ltr'>fidei</span> <span class='ocrx_word' id='word_1_259' title='bbox 1384 2106 1500 2148; x_wconf 89' lang='lat' dir='ltr'>modo</span> <span class='ocrx_word' id='word_1_260' title='bbox 1524 2105 1639 2148; x_wconf 90' lang='lat' dir='ltr'>intel-</span> 
     </span>
     <span class='ocr_line' id='line_1_29' title="bbox 91 2169 1639 2230; baseline 0.002 -17"><span class='ocrx_word' id='word_1_261' title='bbox 91 2169 280 2227; x_wconf 57' lang='lat' dir='ltr'>ligentia,</span> <span class='ocrx_word' id='word_1_262' title='bbox 322 2169 392 2212; x_wconf 76' lang='lat' dir='ltr'>sed</span> <span class='ocrx_word' id='word_1_263' title='bbox 421 2169 584 2226; x_wconf 84' lang='lat' dir='ltr'>perinde</span> <span class='ocrx_word' id='word_1_264' title='bbox 607 2170 739 2213; x_wconf 80' lang='lat' dir='ltr'>animo</span> <span class='ocrx_word' id='word_1_265' title='bbox 770 2171 980 2228; x_wconf 75' lang='lat' dir='ltr'>concipere</span> <span class='ocrx_word' id='word_1_266' title='bbox 1011 2185 1058 2214; x_wconf 87' lang='lat' dir='ltr'>ac</span> <span class='ocrx_word' id='word_1_267' title='bbox 1085 2172 1248 2227; x_wconf 81' lang='lat' dir='ltr'>quilibet</span> <span class='ocrx_word' id='word_1_268' title='bbox 1275 2173 1528 2230; x_wconf 81' lang='lat' dir='ltr'>aspectabilia</span> <span class='ocrx_word' id='word_1_269' title='bbox 1561 2174 1639 2216; x_wconf 87' lang='lat' dir='ltr'>ista</span> 
     </span>
     <span class='ocr_line' id='line_1_30' title="bbox 92 2236 1640 2297; baseline 0.001 -14"><span class='ocrx_word' id='word_1_270' title='bbox 92 2251 142 2283; x_wconf 74' lang='grc' dir='ltr'>ιο</span> <span class='ocrx_word' id='word_1_271' title='bbox 169 2236 386 2283; x_wconf 66' lang='lat' dir='ltr'>motabilis</span> <span class='ocrx_word' id='word_1_272' title='bbox 412 2236 640 2294; x_wconf 71' lang='lat' dir='ltr'>cognoscit,</span> <span class='ocrx_word' id='word_1_273' title='bbox 682 2245 815 2295; x_wconf 80' lang='lat' dir='ltr'>utputa</span> <span class='ocrx_word' id='word_1_274' title='bbox 838 2239 872 2282; x_wconf 79' lang='lat' dir='ltr'>si</span> <span class='ocrx_word' id='word_1_275' title='bbox 894 2239 982 2295; x_wconf 87' lang='lat' dir='ltr'>quis</span> <span class='ocrx_word' id='word_1_276' title='bbox 1006 2239 1171 2296; x_wconf 85' lang='lat' dir='ltr'>lapidem</span> <span class='ocrx_word' id='word_1_277' title='bbox 1194 2248 1262 2283; x_wconf 80' lang='lat' dir='ltr'>aut</span> <span class='ocrx_word' id='word_1_278' title='bbox 1286 2241 1433 2297; x_wconf 86' lang='lat' dir='ltr'>lignum</span> <span class='ocrx_word' id='word_1_279' title='bbox 1461 2242 1523 2284; x_wconf 87' lang='lat' dir='ltr'>vel</span> <span class='ocrx_word' id='word_1_280' title='bbox 1543 2243 1640 2285; x_wconf 85' lang='lat' dir='ltr'>alte-</span> 
     </span>
     <span class='ocr_line' id='line_1_31' title="bbox 93 2305 1639 2364; baseline 0 -13"><span class='ocrx_word' id='word_1_281' title='bbox 93 2306 179 2351; x_wconf 74' lang='lat' dir='ltr'>rin</span> <span class='ocrx_word' id='word_1_282' title='bbox 198 2306 387 2350; x_wconf 74' lang='lat' dir='ltr'>mteriae</span> <span class='ocrx_word' id='word_1_283' title='bbox 409 2306 710 2348; x_wconf 78' lang='lat' dir='ltr'>instrumentum</span> <span class='ocrx_word' id='word_1_284' title='bbox 741 2307 883 2363; x_wconf 82' lang='lat' dir='ltr'>capiat.</span> <span class='ocrx_word' id='word_1_285' title='bbox 947 2305 1006 2350; x_wconf 75' lang='lat' dir='ltr'>lta</span> <span class='ocrx_word' id='word_1_286' title='bbox 1036 2308 1191 2364; x_wconf 85' lang='lat' dir='ltr'>quidem</span> <span class='ocrx_word' id='word_1_287' title='bbox 1212 2311 1342 2352; x_wconf 83' lang='lat' dir='ltr'>audax</span> <span class='ocrx_word' id='word_1_288' title='bbox 1362 2311 1427 2353; x_wconf 92' lang='lat' dir='ltr'>ille</span> <span class='ocrx_word' id='word_1_289' title='bbox 1450 2324 1496 2352; x_wconf 88' lang='lat' dir='ltr'>ac</span> <span class='ocrx_word' id='word_1_290' title='bbox 1518 2317 1639 2352; x_wconf 87' lang='lat' dir='ltr'>teme-</span> 
     </span>
     <span class='ocr_line' id='line_1_32' title="bbox 94 2373 1641 2433; baseline 0 -14"><span class='ocrx_word' id='word_1_291' title='bbox 94 2374 226 2420; x_wconf 68' lang='lat' dir='ltr'>rari-⁸</span> <span class='ocrx_word' id='word_1_292' title='bbox 244 2373 438 2431; x_wconf 76' lang='lat' dir='ltr'>loquitur:</span> <span class='ocrx_word' id='word_1_293' title='bbox 482 2373 584 2416; x_wconf 84' lang='lat' dir='ltr'>Tam</span> <span class='ocrx_word' id='word_1_294' title='bbox 608 2374 723 2416; x_wconf 84' lang='lat' dir='ltr'>deum</span> <span class='ocrx_word' id='word_1_295' title='bbox 746 2374 923 2431; x_wconf 69' lang='lat' dir='ltr'>intelligo</span> <span class='ocrx_word' id='word_1_296' title='bbox 946 2390 1061 2431; x_wconf 83' lang='lat' dir='ltr'>qnam</span> <span class='ocrx_word' id='word_1_297' title='bbox 1084 2377 1300 2433; x_wconf 80' lang='lat' dir='ltr'>meipsum3</span> <span class='ocrx_word' id='word_1_298' title='bbox 1341 2378 1420 2420; x_wconf 91' lang='lat' dir='ltr'>imo</span> <span class='ocrx_word' id='word_1_299' title='bbox 1442 2385 1520 2419; x_wconf 91' lang='lat' dir='ltr'>tam</span> <span class='ocrx_word' id='word_1_300' title='bbox 1546 2377 1641 2419; x_wconf 86' lang='lat' dir='ltr'>mei-</span> 
     </span>
     <span class='ocr_line' id='line_1_33' title="bbox 96 2440 1641 2502; baseline -0.001 -13"><span class='ocrx_word' id='word_1_301' title='bbox 96 2457 208 2501; x_wconf 71' lang='grc' dir='ltr'>μοι·</span> <span class='ocrx_word' id='word_1_302' title='bbox 232 2455 313 2488; x_wconf 82' lang='lat' dir='ltr'>non</span> <span class='ocrx_word' id='word_1_303' title='bbox 334 2442 426 2486; x_wconf 86' lang='lat' dir='ltr'>novi</span> <span class='ocrx_word' id='word_1_304' title='bbox 449 2456 563 2499; x_wconf 83' lang='lat' dir='ltr'>quam</span> <span class='ocrx_word' id='word_1_305' title='bbox 590 2443 721 2485; x_wconf 91' lang='lat' dir='ltr'>deum.</span> <span class='ocrx_word' id='word_1_306' title='bbox 784 2440 931 2485; x_wconf 83' lang='lat' dir='ltr'>Verum</span> <span class='ocrx_word' id='word_1_307' title='bbox 964 2457 1088 2500; x_wconf 78' lang='lat' dir='ltr'>nugas</span> <span class='ocrx_word' id='word_1_308' title='bbox 1115 2445 1212 2487; x_wconf 84' lang='lat' dir='ltr'>istas</span> <span class='ocrx_word' id='word_1_309' title='bbox 1236 2446 1339 2488; x_wconf 80' lang='lat' dir='ltr'>ultra</span> <span class='ocrx_word' id='word_1_310' title='bbox 1363 2446 1530 2489; x_wconf 88' lang='lat' dir='ltr'>dicendo</span> <span class='ocrx_word' id='word_1_311' title='bbox 1553 2459 1641 2502; x_wconf 89' lang='lat' dir='ltr'>per-</span> 
     </span>
     <span class='ocr_line' id='line_1_34' title="bbox 96 2509 1644 2570; baseline -0.001 -13"><span class='ocrx_word' id='word_1_312' title='bbox 96 2511 232 2569; x_wconf 69' lang='lat' dir='ltr'>sequi,</span> <span class='ocrx_word' id='word_1_313' title='bbox 270 2511 337 2555; x_wconf 79' lang='lat' dir='ltr'>vel</span> <span class='ocrx_word' id='word_1_314' title='bbox 357 2510 517 2563; x_wconf 81' lang='lat' dir='ltr'>audire,</span> <span class='ocrx_word' id='word_1_315' title='bbox 558 2510 615 2553; x_wconf 88' lang='lat' dir='ltr'>nti</span> <span class='ocrx_word' id='word_1_316' title='bbox 636 2509 810 2568; x_wconf 77' lang='lat' dir='ltr'>pluribus</span> <span class='ocrx_word' id='word_1_317' title='bbox 832 2510 1006 2554; x_wconf 76' lang='lat' dir='ltr'>fraudem</span> <span class='ocrx_word' id='word_1_318' title='bbox 1032 2526 1079 2554; x_wconf 97' lang='grc' dir='ltr'>ιο</span> <span class='ocrx_word' id='word_1_319' title='bbox 1102 2514 1342 2569; x_wconf 84' lang='lat' dir='ltr'>perniciem,</span> <span class='ocrx_word' id='word_1_320' title='bbox 1383 2514 1436 2555; x_wconf 87' lang='lat' dir='ltr'>ita</span> <span class='ocrx_word' id='word_1_321' title='bbox 1455 2513 1644 2570; x_wconf 85' lang='lat' dir='ltr'>sapienti-</span> 
     </span>
     <span class='ocr_line' id='line_1_35' title="bbox 96 2577 1644 2636; baseline -0.001 -11"><span class='ocrx_word' id='word_1_322' title='bbox 96 2579 173 2625; x_wconf 71' lang='lat' dir='ltr'>hu</span> <span class='ocrx_word' id='word_1_323' title='bbox 202 2578 324 2624; x_wconf 80' lang='lat' dir='ltr'>risum</span> <span class='ocrx_word' id='word_1_324' title='bbox 357 2593 406 2622; x_wconf 90' lang='grc' dir='ltr'>ιο</span> <span class='ocrx_word' id='word_1_325' title='bbox 437 2579 643 2622; x_wconf 86' lang='lat' dir='ltr'>ludibrium</span> <span class='ocrx_word' id='word_1_326' title='bbox 676 2578 912 2621; x_wconf 86' lang='lat' dir='ltr'>consciscet.</span> <span class='ocrx_word' id='word_1_327' title='bbox 973 2577 1121 2636; x_wconf 84' lang='lat' dir='ltr'>Ecquis</span> <span class='ocrx_word' id='word_1_328' title='bbox 1153 2582 1255 2624; x_wconf 90' lang='lat' dir='ltr'>enim</span> <span class='ocrx_word' id='word_1_329' title='bbox 1286 2582 1429 2624; x_wconf 87' lang='lat' dir='ltr'>mentis</span> <span class='ocrx_word' id='word_1_330' title='bbox 1457 2581 1644 2624; x_wconf 82' lang='lat' dir='ltr'>vecordia</span> 
     </span>
     <span class='ocr_line' id='line_1_36' title="bbox 95 2646 1643 2706; baseline -0.001 -12"><span class='ocrx_word' id='word_1_331' title='bbox 95 2661 144 2694; x_wconf 72' lang='grc' dir='ltr'>Ιο</span> <span class='ocrx_word' id='word_1_332' title='bbox 174 2648 309 2692; x_wconf 71' lang='lat' dir='ltr'>rurore</span> <span class='ocrx_word' id='word_1_333' title='bbox 343 2648 516 2706; x_wconf 82' lang='lat' dir='ltr'>percitus</span> <span class='ocrx_word' id='word_1_334' title='bbox 550 2647 650 2690; x_wconf 88' lang='lat' dir='ltr'>alios</span> <span class='ocrx_word' id='word_1_335' title='bbox 690 2648 728 2689; x_wconf 90' lang='lat' dir='ltr'>in</span> <span class='ocrx_word' id='word_1_336' title='bbox 765 2646 927 2690; x_wconf 86' lang='lat' dir='ltr'>eandem</span> <span class='ocrx_word' id='word_1_337' title='bbox 961 2647 1152 2691; x_wconf 84' lang='lat' dir='ltr'>insaniam</span> <span class='ocrx_word' id='word_1_338' title='bbox 1185 2649 1366 2702; x_wconf 86' lang='lat' dir='ltr'>trahere,</span> <span class='ocrx_word' id='word_1_339' title='bbox 1411 2650 1643 2706; x_wconf 83' lang='lat' dir='ltr'>praesertim</span> 
     </span>
     <span class='ocr_line' id='line_1_37' title="bbox 99 2715 1645 2773; baseline -0.001 -12"><span class='ocrx_word' id='word_1_340' title='bbox 99 2715 364 2773; x_wconf 70' lang='lat' dir='ltr'>obsequente·</span> <span class='ocrx_word' id='word_1_341' title='bbox 394 2716 468 2759; x_wconf 83' lang='lat' dir='ltr'>sihi</span> <span class='ocrx_word' id='word_1_342' title='bbox 497 2731 544 2759; x_wconf 90' lang='grc' dir='ltr'>ιο</span> <span class='ocrx_word' id='word_1_343' title='bbox 575 2715 679 2758; x_wconf 86' lang='lat' dir='ltr'>dicto</span> <span class='ocrx_word' id='word_1_344' title='bbox 704 2715 932 2766; x_wconf 80' lang='lat' dir='ltr'>audientes,</span> <span class='ocrx_word' id='word_1_345' title='bbox 978 2730 1056 2758; x_wconf 92' lang='lat' dir='ltr'>uon</span> <span class='ocrx_word' id='word_1_346' title='bbox 1078 2717 1231 2773; x_wconf 78' lang='lat' dir='ltr'>possit?</span> <span class='ocrx_word' id='word_1_347' title='bbox 1289 2716 1405 2772; x_wconf 86' lang='lat' dir='ltr'>Quod</span> <span class='ocrx_word' id='word_1_348' title='bbox 1435 2718 1468 2760; x_wconf 93' lang='lat' dir='ltr'>si</span> <span class='ocrx_word' id='word_1_349' title='bbox 1491 2718 1578 2773; x_wconf 90' lang='lat' dir='ltr'>quis</span> <span class='ocrx_word' id='word_1_350' title='bbox 1599 2717 1645 2760; x_wconf 88' lang='lat' dir='ltr'>il-</span> 
     </span>
     <span class='ocr_line' id='line_1_38' title="bbox 99 2781 1645 2841; baseline 0 -13"><span class='ocrx_word' id='word_1_351' title='bbox 99 2785 203 2838; x_wconf 81' lang='lat' dir='ltr'>lum,</span> <span class='ocrx_word' id='word_1_352' title='bbox 243 2783 309 2828; x_wconf 76' lang='lat' dir='ltr'>vet</span> <span class='ocrx_word' id='word_1_353' title='bbox 339 2783 425 2828; x_wconf 82' lang='lat' dir='ltr'>cius</span> <span class='ocrx_word' id='word_1_354' title='bbox 447 2784 658 2841; x_wconf 82' lang='lat' dir='ltr'>discipulos</span> <span class='ocrx_word' id='word_1_355' title='bbox 690 2790 873 2839; x_wconf 73' lang='lat' dir='ltr'>rogaretz</span> <span class='ocrx_word' id='word_1_356' title='bbox 914 2781 979 2825; x_wconf 88' lang='lat' dir='ltr'>Ne</span> <span class='ocrx_word' id='word_1_357' title='bbox 1001 2790 1042 2826; x_wconf 92' lang='lat' dir='ltr'>tu</span> <span class='ocrx_word' id='word_1_358' title='bbox 1064 2784 1156 2826; x_wconf 87' lang='lat' dir='ltr'>mibi</span> <span class='ocrx_word' id='word_1_359' title='bbox 1180 2785 1495 2841; x_wconf 82' lang='lat' dir='ltr'>incomparabilis</span> <span class='ocrx_word' id='word_1_360' title='bbox 1521 2792 1561 2828; x_wconf 91' lang='lat' dir='ltr'>et</span> <span class='ocrx_word' id='word_1_361' title='bbox 1585 2787 1645 2828; x_wconf 92' lang='lat' dir='ltr'>in-</span> 
     </span>
     <span class='ocr_line' id='line_1_39' title="bbox 101 2851 1644 2911; baseline 0.001 -16"><span class='ocrx_word' id='word_1_362' title='bbox 101 2851 465 2911; x_wconf 81' lang='lat' dir='ltr'>comprehensibilis</span> <span class='ocrx_word' id='word_1_363' title='bbox 486 2853 547 2895; x_wconf 90' lang='lat' dir='ltr'>dei</span> <span class='ocrx_word' id='word_1_364' title='bbox 571 2852 775 2895; x_wconf 85' lang='lat' dir='ltr'>scientiam</span> <span class='ocrx_word' id='word_1_365' title='bbox 801 2851 979 2902; x_wconf 62' lang='lat' dir='ltr'>inmites,</span> <span class='ocrx_word' id='word_1_366' title='bbox 1011 2851 1123 2893; x_wconf 83' lang='lat' dir='ltr'>euius</span> <span class='ocrx_word' id='word_1_367' title='bbox 1145 2853 1304 2894; x_wconf 76' lang='lat' dir='ltr'>formam</span> <span class='ocrx_word' id='word_1_368' title='bbox 1328 2854 1481 2909; x_wconf 86' lang='lat' dir='ltr'>quidem</span> <span class='ocrx_word' id='word_1_369' title='bbox 1506 2868 1552 2896; x_wconf 79' lang='grc' dir='ltr'>ιο</span> <span class='ocrx_word' id='word_1_370' title='bbox 1575 2868 1644 2896; x_wconf 84' lang='lat' dir='ltr'>na·</span> 
     </span>
     <span class='ocr_line' id='line_1_40' title="bbox 101 2918 1645 2979; baseline 0 -14"><span class='ocrx_word' id='word_1_371' title='bbox 101 2928 228 2965; x_wconf 78' lang='lat' dir='ltr'>taram</span> <span class='ocrx_word' id='word_1_372' title='bbox 266 2921 423 2979; x_wconf 81' lang='lat' dir='ltr'>assequi</span> <span class='ocrx_word' id='word_1_373' title='bbox 459 2934 574 2964; x_wconf 89' lang='lat' dir='ltr'>nemo</span> <span class='ocrx_word' id='word_1_374' title='bbox 609 2928 760 2978; x_wconf 84' lang='lat' dir='ltr'>potest,</span> <span class='ocrx_word' id='word_1_375' title='bbox 810 2919 883 2961; x_wconf 84' lang='lat' dir='ltr'>fide</span> <span class='ocrx_word' id='word_1_376' title='bbox 915 2932 1011 2961; x_wconf 85' lang='lat' dir='ltr'>vero</span> <span class='ocrx_word' id='word_1_377' title='bbox 1045 2918 1095 2961; x_wconf 89' lang='lat' dir='ltr'>ab</span> <span class='ocrx_word' id='word_1_378' title='bbox 1130 2918 1252 2976; x_wconf 87' lang='lat' dir='ltr'>ipsius</span> <span class='ocrx_word' id='word_1_379' title='bbox 1288 2921 1416 2964; x_wconf 84' lang='lat' dir='ltr'>servis</span> <span class='ocrx_word' id='word_1_380' title='bbox 1437 2930 1645 2979; x_wconf 90' lang='lat' dir='ltr'>utcumque</span> 
     </span>
     <span class='ocr_line' id='line_1_41' title="bbox 101 2986 1646 3047; baseline -0.001 -13"><span class='ocrx_word' id='word_1_381' title='bbox 101 2990 288 3047; x_wconf 65' lang='lat' dir='ltr'>cognosci</span> <span class='ocrx_word' id='word_1_382' title='bbox 310 2996 453 3047; x_wconf 83' lang='lat' dir='ltr'>potest.</span> <span class='ocrx_word' id='word_1_383' title='bbox 516 2987 596 3032; x_wconf 90' lang='lat' dir='ltr'>Sed</span> <span class='ocrx_word' id='word_1_384' title='bbox 621 2989 693 3032; x_wconf 81' lang='lat' dir='ltr'>hoc</span> <span class='ocrx_word' id='word_1_385' title='bbox 714 2988 829 3031; x_wconf 84' lang='lat' dir='ltr'>velim</span> <span class='ocrx_word' id='word_1_386' title='bbox 851 2986 963 3029; x_wconf 85' lang='lat' dir='ltr'>nobis</span> <span class='ocrx_word' id='word_1_387' title='bbox 986 2987 1206 3040; x_wconf 77' lang='lat' dir='ltr'>edisseras,</span> <span class='ocrx_word' id='word_1_388' title='bbox 1242 2990 1490 3032; x_wconf 75' lang='lat' dir='ltr'>fundamenta</span> <span class='ocrx_word' id='word_1_389' title='bbox 1516 2998 1646 3033; x_wconf 80' lang='lat' dir='ltr'>terrae</span> 
     </span>
     <span class='ocr_line' id='line_1_42' title="bbox 103 3055 1646 3115; baseline 0.001 -15"><span class='ocrx_word' id='word_1_390' title='bbox 103 3072 202 3115; x_wconf 76' lang='lat' dir='ltr'>quae</span> <span class='ocrx_word' id='word_1_391' title='bbox 226 3058 328 3110; x_wconf 78' lang='lat' dir='ltr'>sint,</span> <span class='ocrx_word' id='word_1_392' title='bbox 360 3071 535 3114; x_wconf 78' lang='lat' dir='ltr'>quaeque</span> <span class='ocrx_word' id='word_1_393' title='bbox 556 3058 688 3114; x_wconf 81' lang='lat' dir='ltr'>abyssi</span> <span class='ocrx_word' id='word_1_394' title='bbox 714 3055 905 3114; x_wconf 80' lang='lat' dir='ltr'>penitiora</span> <span class='ocrx_word' id='word_1_395' title='bbox 930 3056 1200 3111; x_wconf 78' lang='lat' dir='ltr'>receptacula,</span> <span class='ocrx_word' id='word_1_396' title='bbox 1234 3058 1353 3100; x_wconf 85' lang='lat' dir='ltr'>maris</span> <span class='ocrx_word' id='word_1_397' title='bbox 1380 3063 1519 3111; x_wconf 72' lang='lat' dir='ltr'>venas,</span> <span class='ocrx_word' id='word_1_398' title='bbox 1548 3060 1646 3100; x_wconf 75' lang='lat' dir='ltr'>iure-</span> 
     </span>
    </p>
   </div>
   <div class='ocr_carea' id='block_1_4' title="bbox 1263 3137 1358 3180">
    <p class='ocr_par' dir='ltr' id='par_1_5' title="bbox 1263 3137 1358 3180">
     <span class='ocr_line' id='line_1_43' title="bbox 1263 3137 1358 3180; baseline 0 0"><span class='ocrx_word' id='word_1_399' title='bbox 1263 3137 1358 3180; x_wconf 71' lang='lat'>21*</span> 
     </span>
    </p>
   </div>
  </div>
 </body>
</html>
