<?xml version="1.0" encoding="UTF-8"?>
<!DOCTYPE html PUBLIC "-//W3C//DTD XHTML 1.0 Transitional//EN"
    "http://www.w3.org/TR/xhtml1/DTD/xhtml1-transitional.dtd">
<html xmlns="http://www.w3.org/1999/xhtml" xml:lang="en" lang="en">
 <head>
  <title>
</title>
<meta http-equiv="Content-Type" content="text/html;charset=utf-8" />
  <meta name='ocr-system' content='tesseract 3.04.00' />
  <meta name='ocr-capabilities' content='ocr_page ocr_carea ocr_par ocr_line ocrx_word'/>
</head>
<body>
  <div class='ocr_page' id='page_1' title='image "./corporishaereseo23epip_0407.png"; bbox 0 0 2020 3276; ppageno 0'>
   <div class='ocr_carea' id='block_1_1' title="bbox 447 227 1666 276">
    <p class='ocr_par' dir='ltr' id='par_1_1' title="bbox 447 227 1666 276">
     <span class='ocr_line' id='line_1_1' title="bbox 447 227 1666 276; baseline -0.006 0"><span class='ocrx_word' id='word_1_1' title='bbox 447 241 630 276; x_wconf 62' lang='lat' dir='ltr'>Faustin</span> <span class='ocrx_word' id='word_1_2' title='bbox 654 241 740 275; x_wconf 78' lang='lat' dir='ltr'>Lm.</span> <span class='ocrx_word' id='word_1_3' title='bbox 754 241 814 275; x_wconf 84' lang='lat' dir='ltr'>m.</span> <span class='ocrx_word' id='word_1_4' title='bbox 836 241 947 275; x_wconf 81' lang='grc' dir='ltr'><strong>ΤΟΜ.</strong></span> <span class='ocrx_word' id='word_1_5' title='bbox 963 241 1004 274; x_wconf 82' lang='lat'>11.</span> <span class='ocrx_word' id='word_1_6' title='bbox 1031 240 1164 274; x_wconf 76' lang='lat' dir='ltr'><strong>HAER.</strong></span> <span class='ocrx_word' id='word_1_7' title='bbox 1181 240 1356 273; x_wconf 84' lang='lat' dir='ltr'>Lxxvn.</span> <span class='ocrx_word' id='word_1_8' title='bbox 1583 227 1666 270; x_wconf 83' lang='grc'>395</span> 
     </span>
    </p>
   </div>
   <div class='ocr_carea' id='block_1_2' title="bbox 121 319 1865 2837">
    <p class='ocr_par' dir='ltr' id='par_1_2' title="bbox 121 319 1843 2634">
     <span class='ocr_line' id='line_1_2' title="bbox 237 319 1820 378; baseline -0.004 -14.329"><span class='ocrx_word' id='word_1_9' title='bbox 237 319 341 364; x_wconf 74' lang='lat' dir='ltr'>Na·</span> <span class='ocrx_word' id='word_1_10' title='bbox 366 320 403 364; x_wconf 78' lang='lat' dir='ltr'>si</span> <span class='ocrx_word' id='word_1_11' title='bbox 424 334 520 364; x_wconf 83' lang='lat' dir='ltr'>vere</span> <span class='ocrx_word' id='word_1_12' title='bbox 542 322 646 378; x_wconf 86' lang='lat' dir='ltr'>loqui</span> <span class='ocrx_word' id='word_1_13' title='bbox 680 321 885 373; x_wconf 82' lang='lat' dir='ltr'>votumus,</span> <span class='ocrx_word' id='word_1_14' title='bbox 929 321 1014 377; x_wconf 90' lang='lat' dir='ltr'>pius</span> <span class='ocrx_word' id='word_1_15' title='bbox 1039 320 1199 376; x_wconf 75' lang='lat' dir='ltr'>quilibet</span> <span class='ocrx_word' id='word_1_16' title='bbox 1222 319 1342 361; x_wconf 83' lang='lat' dir='ltr'>vitam</span> <span class='ocrx_word' id='word_1_17' title='bbox 1372 331 1481 360; x_wconf 82' lang='lat' dir='ltr'>suam</span> <span class='ocrx_word' id='word_1_18' title='bbox 1509 331 1586 359; x_wconf 90' lang='lat' dir='ltr'>non</span> <span class='ocrx_word' id='word_1_19' title='bbox 1612 330 1666 358; x_wconf 90' lang='lat' dir='ltr'>ex</span> <span class='ocrx_word' id='word_1_20' title='bbox 1726 331 1820 364; x_wconf 63' lang='grc' dir='ltr'>οη»,</span> 
     </span>
     <span class='ocr_line' id='line_1_3' title="bbox 124 376 1843 446; baseline -0.004 -12"><span class='ocrx_word' id='word_1_21' title='bbox 124 387 292 434; x_wconf 53' lang='lat' dir='ltr'>hun</span> <span class='ocrx_word' id='word_1_22' title='bbox 315 388 447 431; x_wconf 77' lang='lat' dir='ltr'>mente</span> <span class='ocrx_word' id='word_1_23' title='bbox 474 396 690 446; x_wconf 82' lang='lat' dir='ltr'>temperat,</span> <span class='ocrx_word' id='word_1_24' title='bbox 721 390 790 431; x_wconf 88' lang='lat' dir='ltr'>sed</span> <span class='ocrx_word' id='word_1_25' title='bbox 819 403 873 431; x_wconf 85' lang='lat' dir='ltr'>ex</span> <span class='ocrx_word' id='word_1_26' title='bbox 893 403 938 430; x_wconf 88' lang='lat' dir='ltr'>ea</span> <span class='ocrx_word' id='word_1_27' title='bbox 965 402 1064 444; x_wconf 85' lang='lat' dir='ltr'>quae</span> <span class='ocrx_word' id='word_1_28' title='bbox 1090 386 1238 431; x_wconf 78' lang='lat' dir='ltr'>Christi</span> <span class='ocrx_word' id='word_1_29' title='bbox 1264 387 1419 445; x_wconf 89' lang='lat' dir='ltr'>propria</span> <span class='ocrx_word' id='word_1_30' title='bbox 1444 393 1521 439; x_wconf 86' lang='lat' dir='ltr'>est,</span> <span class='ocrx_word' id='word_1_31' title='bbox 1550 399 1669 442; x_wconf 74' lang='lat' dir='ltr'>quae·</span> <span class='ocrx_word' id='word_1_32' title='bbox 1691 376 1843 412; x_wconf 68' lang='lat' dir='ltr'>XXXV·</span> 
     </span>
     <span class='ocr_line' id='line_1_4' title="bbox 122 455 1669 515; baseline -0.003 -15"><span class='ocrx_word' id='word_1_33' title='bbox 122 469 203 515; x_wconf 68' lang='lat' dir='ltr'>que</span> <span class='ocrx_word' id='word_1_34' title='bbox 221 457 274 500; x_wconf 68' lang='lat' dir='ltr'>ab</span> <span class='ocrx_word' id='word_1_35' title='bbox 296 457 434 500; x_wconf 81' lang='lat' dir='ltr'>eodem</span> <span class='ocrx_word' id='word_1_36' title='bbox 455 457 647 515; x_wconf 77' lang='lat' dir='ltr'>sapientia</span> <span class='ocrx_word' id='word_1_37' title='bbox 670 457 869 515; x_wconf 79' lang='lat' dir='ltr'>repletur,</span> <span class='ocrx_word' id='word_1_38' title='bbox 902 471 1001 513; x_wconf 89' lang='lat' dir='ltr'>quae</span> <span class='ocrx_word' id='word_1_39' title='bbox 1024 455 1184 500; x_wconf 87' lang='lat' dir='ltr'>Christo</span> <span class='ocrx_word' id='word_1_40' title='bbox 1215 463 1375 513; x_wconf 85' lang='lat' dir='ltr'>propter</span> <span class='ocrx_word' id='word_1_41' title='bbox 1397 455 1584 497; x_wconf 86' lang='lat' dir='ltr'>iustitiam</span> <span class='ocrx_word' id='word_1_42' title='bbox 1610 460 1669 496; x_wconf 83' lang='lat' dir='ltr'>at-</span> 
     </span>
     <span class='ocr_line' id='line_1_5' title="bbox 121 522 1670 584; baseline -0.003 -16"><span class='ocrx_word' id='word_1_43' title='bbox 121 524 338 577; x_wconf 52' lang='lat' dir='ltr'>&amp;bunun</span> <span class='ocrx_word' id='word_1_44' title='bbox 363 539 464 582; x_wconf 76' lang='lat' dir='ltr'>quse</span> <span class='ocrx_word' id='word_1_45' title='bbox 488 539 559 582; x_wconf 88' lang='lat' dir='ltr'>per</span> <span class='ocrx_word' id='word_1_46' title='bbox 583 526 671 568; x_wconf 78' lang='lat' dir='ltr'>fidei</span> <span class='ocrx_word' id='word_1_47' title='bbox 694 525 981 584; x_wconf 75' lang='lat' dir='ltr'>professionem</span> <span class='ocrx_word' id='word_1_48' title='bbox 1007 525 1046 566; x_wconf 90' lang='lat' dir='ltr'>in</span> <span class='ocrx_word' id='word_1_49' title='bbox 1070 522 1231 567; x_wconf 85' lang='lat' dir='ltr'>Christo</span> <span class='ocrx_word' id='word_1_50' title='bbox 1262 525 1381 575; x_wconf 86' lang='lat' dir='ltr'>vivit,</span> <span class='ocrx_word' id='word_1_51' title='bbox 1427 537 1527 580; x_wconf 89' lang='lat' dir='ltr'>quae</span> <span class='ocrx_word' id='word_1_52' title='bbox 1548 523 1670 565; x_wconf 87' lang='lat' dir='ltr'>hone-</span> 
     </span>
     <span class='ocr_line' id='line_1_6' title="bbox 122 590 1670 651; baseline -0.003 -13"><span class='ocrx_word' id='word_1_53' title='bbox 122 591 274 638; x_wconf 68' lang='lat' dir='ltr'>!ionn</span> <span class='ocrx_word' id='word_1_54' title='bbox 306 606 468 650; x_wconf 78' lang='lat' dir='ltr'>operum</span> <span class='ocrx_word' id='word_1_55' title='bbox 499 593 698 637; x_wconf 76' lang='lat' dir='ltr'>functione</span> <span class='ocrx_word' id='word_1_56' title='bbox 727 608 797 651; x_wconf 87' lang='lat' dir='ltr'>per</span> <span class='ocrx_word' id='word_1_57' title='bbox 827 591 1027 636; x_wconf 85' lang='lat' dir='ltr'>Christum</span> <span class='ocrx_word' id='word_1_58' title='bbox 1059 593 1225 634; x_wconf 89' lang='lat' dir='ltr'>salutem</span> <span class='ocrx_word' id='word_1_59' title='bbox 1258 592 1495 648; x_wconf 72' lang='lat' dir='ltr'>assequitur.</span> <span class='ocrx_word' id='word_1_60' title='bbox 1558 590 1670 634; x_wconf 83' lang='lat' dir='ltr'>Haec</span> 
     </span>
     <span class='ocr_line' id='line_1_7' title="bbox 122 659 1669 719; baseline -0.003 -13"><span class='ocrx_word' id='word_1_61' title='bbox 122 670 187 706; x_wconf 68' lang='lat' dir='ltr'>ut</span> <span class='ocrx_word' id='word_1_62' title='bbox 204 663 272 706; x_wconf 77' lang='lat' dir='ltr'>iila</span> <span class='ocrx_word' id='word_1_63' title='bbox 297 659 448 706; x_wconf 81' lang='lat' dir='ltr'>Christi</span> <span class='ocrx_word' id='word_1_64' title='bbox 470 676 608 715; x_wconf 87' lang='lat' dir='ltr'>mens,</span> <span class='ocrx_word' id='word_1_65' title='bbox 651 676 750 719; x_wconf 82' lang='lat' dir='ltr'>quae</span> <span class='ocrx_word' id='word_1_66' title='bbox 773 663 830 705; x_wconf 90' lang='lat' dir='ltr'>sic</span> <span class='ocrx_word' id='word_1_67' title='bbox 856 662 894 703; x_wconf 90' lang='lat' dir='ltr'>in</span> <span class='ocrx_word' id='word_1_68' title='bbox 919 662 1032 704; x_wconf 91' lang='lat' dir='ltr'>nobis</span> <span class='ocrx_word' id='word_1_69' title='bbox 1056 662 1189 704; x_wconf 87' lang='lat' dir='ltr'>inesse</span> <span class='ocrx_word' id='word_1_70' title='bbox 1215 669 1367 718; x_wconf 84' lang='lat' dir='ltr'>potest,</span> <span class='ocrx_word' id='word_1_71' title='bbox 1401 669 1444 703; x_wconf 85' lang='lat' dir='ltr'>ut</span> <span class='ocrx_word' id='word_1_72' title='bbox 1468 659 1669 704; x_wconf 74' lang='lat' dir='ltr'>Christum</span> 
     </span>
     <span class='ocr_line' id='line_1_8' title="bbox 123 726 1671 787; baseline -0.003 -13"><span class='ocrx_word' id='word_1_73' title='bbox 123 726 223 775; x_wconf 61' lang='lat' dir='ltr'>oeni</span> <span class='ocrx_word' id='word_1_74' title='bbox 250 731 414 774; x_wconf 69' lang='lat' dir='ltr'>alieuius</span> <span class='ocrx_word' id='word_1_75' title='bbox 440 731 515 773; x_wconf 81' lang='lat' dir='ltr'>ioci</span> <span class='ocrx_word' id='word_1_76' title='bbox 544 731 706 787; x_wconf 83' lang='lat' dir='ltr'>regione</span> <span class='ocrx_word' id='word_1_77' title='bbox 733 731 890 773; x_wconf 90' lang='lat' dir='ltr'>minime</span> <span class='ocrx_word' id='word_1_78' title='bbox 917 730 1228 773; x_wconf 87' lang='lat' dir='ltr'>circumscribat.</span> <span class='ocrx_word' id='word_1_79' title='bbox 1288 728 1392 771; x_wconf 88' lang='lat' dir='ltr'>Nam</span> <span class='ocrx_word' id='word_1_80' title='bbox 1416 729 1556 784; x_wconf 85' lang='lat' dir='ltr'>ubique</span> <span class='ocrx_word' id='word_1_81' title='bbox 1580 735 1671 771; x_wconf 89' lang='lat' dir='ltr'>sunt</span> 
     </span>
     <span class='ocr_line' id='line_1_9' title="bbox 122 797 1670 858; baseline -0.003 -15"><span class='ocrx_word' id='word_1_82' title='bbox 122 807 239 858; x_wconf 69' lang='lat' dir='ltr'>peter</span> <span class='ocrx_word' id='word_1_83' title='bbox 255 806 298 842; x_wconf 82' lang='lat' dir='ltr'>et</span> <span class='ocrx_word' id='word_1_84' title='bbox 318 799 420 842; x_wconf 70' lang='lat' dir='ltr'>fliius</span> <span class='ocrx_word' id='word_1_85' title='bbox 443 806 484 841; x_wconf 88' lang='lat' dir='ltr'>et</span> <span class='ocrx_word' id='word_1_86' title='bbox 508 799 671 856; x_wconf 85' lang='lat' dir='ltr'>spiritus</span> <span class='ocrx_word' id='word_1_87' title='bbox 693 806 877 851; x_wconf 84' lang='lat' dir='ltr'>sanctus,</span> <span class='ocrx_word' id='word_1_88' title='bbox 919 806 958 840; x_wconf 87' lang='lat' dir='ltr'>et</span> <span class='ocrx_word' id='word_1_89' title='bbox 979 798 1143 856; x_wconf 79' lang='lat' dir='ltr'>spiritali</span> <span class='ocrx_word' id='word_1_90' title='bbox 1169 799 1334 854; x_wconf 82' lang='lat' dir='ltr'>quodam</span> <span class='ocrx_word' id='word_1_91' title='bbox 1358 798 1473 839; x_wconf 92' lang='lat' dir='ltr'>modo</span> <span class='ocrx_word' id='word_1_92' title='bbox 1496 798 1534 838; x_wconf 88' lang='lat' dir='ltr'>in</span> <span class='ocrx_word' id='word_1_93' title='bbox 1558 797 1670 838; x_wconf 89' lang='lat' dir='ltr'>nobis</span> 
     </span>
     <span class='ocr_line' id='line_1_10' title="bbox 122 865 1671 923; baseline -0.005 -10"><span class='ocrx_word' id='word_1_94' title='bbox 122 867 325 922; x_wconf 69' lang='lat' dir='ltr'>exi-tom,</span> <span class='ocrx_word' id='word_1_95' title='bbox 366 869 402 912; x_wconf 88' lang='lat' dir='ltr'>si</span> <span class='ocrx_word' id='word_1_96' title='bbox 422 869 501 911; x_wconf 74' lang='lat' dir='ltr'>inis</span> <span class='ocrx_word' id='word_1_97' title='bbox 524 882 614 911; x_wconf 88' lang='lat' dir='ltr'>esse</span> <span class='ocrx_word' id='word_1_98' title='bbox 636 868 740 923; x_wconf 83' lang='lat' dir='ltr'>digni</span> <span class='ocrx_word' id='word_1_99' title='bbox 765 868 946 910; x_wconf 79' lang='lat' dir='ltr'>velimus.</span> <span class='ocrx_word' id='word_1_100' title='bbox 1005 866 1148 923; x_wconf 85' lang='lat' dir='ltr'>Neque</span> <span class='ocrx_word' id='word_1_101' title='bbox 1172 881 1267 908; x_wconf 85' lang='lat' dir='ltr'>vero</span> <span class='ocrx_word' id='word_1_102' title='bbox 1291 867 1378 908; x_wconf 81' lang='lat' dir='ltr'>loco</span> <span class='ocrx_word' id='word_1_103' title='bbox 1400 866 1480 908; x_wconf 83' lang='lat' dir='ltr'>utto</span> <span class='ocrx_word' id='word_1_104' title='bbox 1503 865 1567 907; x_wconf 80' lang='lat' dir='ltr'>vet</span> <span class='ocrx_word' id='word_1_105' title='bbox 1587 865 1671 921; x_wconf 89' lang='lat' dir='ltr'>ipse</span> 
     </span>
     <span class='ocr_line' id='line_1_11' title="bbox 122 931 1672 994; baseline -0.004 -14"><span class='ocrx_word' id='word_1_106' title='bbox 122 931 394 990; x_wconf 54' lang='lat' dir='ltr'>militur,</span> <span class='ocrx_word' id='word_1_107' title='bbox 435 937 498 980; x_wconf 86' lang='lat' dir='ltr'>vel</span> <span class='ocrx_word' id='word_1_108' title='bbox 520 937 643 994; x_wconf 85' lang='lat' dir='ltr'>ipsius</span> <span class='ocrx_word' id='word_1_109' title='bbox 668 943 780 993; x_wconf 85' lang='lat' dir='ltr'>pater</span> <span class='ocrx_word' id='word_1_110' title='bbox 808 944 876 978; x_wconf 88' lang='lat' dir='ltr'>aut</span> <span class='ocrx_word' id='word_1_111' title='bbox 899 935 1060 993; x_wconf 86' lang='lat' dir='ltr'>spiritus</span> <span class='ocrx_word' id='word_1_112' title='bbox 1080 942 1264 986; x_wconf 78' lang='lat' dir='ltr'>sanctus,</span> <span class='ocrx_word' id='word_1_113' title='bbox 1302 935 1372 976; x_wconf 89' lang='lat' dir='ltr'>sed</span> <span class='ocrx_word' id='word_1_114' title='bbox 1396 940 1557 990; x_wconf 88' lang='lat' dir='ltr'>propter</span> <span class='ocrx_word' id='word_1_115' title='bbox 1574 934 1672 975; x_wconf 88' lang='lat' dir='ltr'>divi-</span> 
     </span>
     <span class='ocr_line' id='line_1_12' title="bbox 122 1002 1673 1063; baseline -0.003 -15"><span class='ocrx_word' id='word_1_116' title='bbox 122 1002 260 1049; x_wconf 60' lang='lat' dir='ltr'>distis</span> <span class='ocrx_word' id='word_1_117' title='bbox 285 1005 412 1063; x_wconf 79' lang='lat' dir='ltr'>ipsius</span> <span class='ocrx_word' id='word_1_118' title='bbox 437 1006 650 1062; x_wconf 83' lang='lat' dir='ltr'>potentiam</span> <span class='ocrx_word' id='word_1_119' title='bbox 681 1005 720 1046; x_wconf 91' lang='lat' dir='ltr'>in</span> <span class='ocrx_word' id='word_1_120' title='bbox 753 1004 934 1047; x_wconf 88' lang='lat' dir='ltr'>omnibns</span> <span class='ocrx_word' id='word_1_121' title='bbox 961 1004 1126 1056; x_wconf 79' lang='lat' dir='ltr'>existit3</span> <span class='ocrx_word' id='word_1_122' title='bbox 1169 1017 1295 1059; x_wconf 90' lang='lat' dir='ltr'>neque</span> <span class='ocrx_word' id='word_1_123' title='bbox 1324 1010 1454 1044; x_wconf 88' lang='lat' dir='ltr'>tamen</span> <span class='ocrx_word' id='word_1_124' title='bbox 1483 1016 1570 1043; x_wconf 83' lang='lat' dir='ltr'>cum</span> <span class='ocrx_word' id='word_1_125' title='bbox 1597 1002 1673 1043; x_wconf 80' lang='lat' dir='ltr'>ulia</span> 
     </span>
     <span class='ocr_line' id='line_1_13' title="bbox 124 1073 1672 1130; baseline -0.003 -13"><span class='ocrx_word' id='word_1_126' title='bbox 124 1073 336 1127; x_wconf 68' lang='lat' dir='ltr'>nisum,</span> <span class='ocrx_word' id='word_1_127' title='bbox 377 1075 480 1130; x_wconf 85' lang='lat' dir='ltr'>quod</span> <span class='ocrx_word' id='word_1_128' title='bbox 505 1081 547 1116; x_wconf 88' lang='lat' dir='ltr'>et</span> <span class='ocrx_word' id='word_1_129' title='bbox 567 1073 671 1116; x_wconf 83' lang='lat' dir='ltr'>illius</span> <span class='ocrx_word' id='word_1_130' title='bbox 692 1073 909 1116; x_wconf 89' lang='lat' dir='ltr'>substantia</span> <span class='ocrx_word' id='word_1_131' title='bbox 932 1073 1245 1115; x_wconf 78' lang='lat' dir='ltr'>communionem</span> <span class='ocrx_word' id='word_1_132' title='bbox 1270 1084 1425 1113; x_wconf 84' lang='lat' dir='ltr'>omnem</span> <span class='ocrx_word' id='word_1_133' title='bbox 1447 1085 1494 1112; x_wconf 89' lang='lat' dir='ltr'>ac</span> <span class='ocrx_word' id='word_1_134' title='bbox 1517 1082 1672 1126; x_wconf 87' lang='lat' dir='ltr'>compa-</span> 
     </span>
     <span class='ocr_line' id='line_1_14' title="bbox 124 1139 1672 1199; baseline -0.005 -13"><span class='ocrx_word' id='word_1_135' title='bbox 124 1141 319 1187; x_wconf 62' lang='lat' dir='ltr'>rationem</span> <span class='ocrx_word' id='word_1_136' title='bbox 341 1149 523 1199; x_wconf 77' lang='lat' dir='ltr'>superet,</span> <span class='ocrx_word' id='word_1_137' title='bbox 555 1149 595 1184; x_wconf 84' lang='lat' dir='ltr'>et</span> <span class='ocrx_word' id='word_1_138' title='bbox 618 1142 772 1184; x_wconf 87' lang='lat' dir='ltr'>sincera</span> <span class='ocrx_word' id='word_1_139' title='bbox 797 1142 872 1193; x_wconf 88' lang='lat' dir='ltr'>sit,</span> <span class='ocrx_word' id='word_1_140' title='bbox 905 1149 1022 1198; x_wconf 88' lang='lat' dir='ltr'>atque</span> <span class='ocrx_word' id='word_1_141' title='bbox 1043 1141 1148 1183; x_wconf 90' lang='lat' dir='ltr'>omni</span> <span class='ocrx_word' id='word_1_142' title='bbox 1171 1142 1299 1183; x_wconf 90' lang='lat' dir='ltr'>maior</span> <span class='ocrx_word' id='word_1_143' title='bbox 1321 1139 1672 1196; x_wconf 84' lang='lat' dir='ltr'>comprehensione</span> 
     </span>
     <span class='ocr_line' id='line_1_15' title="bbox 125 1207 1670 1267; baseline -0.004 -13"><span class='ocrx_word' id='word_1_144' title='bbox 125 1209 327 1255; x_wconf 72' lang='lat' dir='ltr'>divinitas.</span> <span class='ocrx_word' id='word_1_145' title='bbox 387 1207 488 1253; x_wconf 90' lang='lat' dir='ltr'>Cum</span> <span class='ocrx_word' id='word_1_146' title='bbox 518 1217 647 1252; x_wconf 89' lang='lat' dir='ltr'>autem</span> <span class='ocrx_word' id='word_1_147' title='bbox 671 1210 764 1252; x_wconf 89' lang='lat' dir='ltr'>dicit</span> <span class='ocrx_word' id='word_1_148' title='bbox 785 1210 1001 1267; x_wconf 82' lang='lat' dir='ltr'>apostolus,</span> <span class='ocrx_word' id='word_1_149' title='bbox 1034 1212 1116 1251; x_wconf 83' lang='lat' dir='ltr'>Nos</span> <span class='ocrx_word' id='word_1_150' title='bbox 1138 1211 1286 1250; x_wconf 78' lang='lat' dir='ltr'>Christi</span> <span class='ocrx_word' id='word_1_151' title='bbox 1304 1216 1459 1250; x_wconf 84' lang='lat' dir='ltr'>mentem</span> <span class='ocrx_word' id='word_1_152' title='bbox 1478 1209 1670 1256; x_wconf 75' lang='lat' dir='ltr'>habemus,</span> 
     </span>
     <span class='ocr_line' id='line_1_16' title="bbox 125 1276 1671 1336; baseline -0.003 -15"><span class='ocrx_word' id='word_1_153' title='bbox 125 1279 216 1336; x_wconf 77' lang='lat' dir='ltr'>quid</span> <span class='ocrx_word' id='word_1_154' title='bbox 237 1279 392 1322; x_wconf 73' lang='lat' dir='ltr'>tandem</span> <span class='ocrx_word' id='word_1_155' title='bbox 414 1277 752 1321; x_wconf 68' lang='lat' dir='ltr'>existimabimus?</span> <span class='ocrx_word' id='word_1_156' title='bbox 808 1277 915 1321; x_wconf 87' lang='lat' dir='ltr'>Num</span> <span class='ocrx_word' id='word_1_157' title='bbox 935 1278 999 1320; x_wconf 81' lang='lat' dir='ltr'>ine</span> <span class='ocrx_word' id='word_1_158' title='bbox 1019 1278 1216 1334; x_wconf 83' lang='lat' dir='ltr'>propriam</span> <span class='ocrx_word' id='word_1_159' title='bbox 1232 1310 1244 1330; x_wconf 93' lang='lat'>‚</span> <span class='ocrx_word' id='word_1_160' title='bbox 1287 1277 1360 1318; x_wconf 89' lang='lat' dir='ltr'>hoc</span> <span class='ocrx_word' id='word_1_161' title='bbox 1384 1284 1446 1318; x_wconf 89' lang='lat' dir='ltr'>est</span> <span class='ocrx_word' id='word_1_162' title='bbox 1467 1276 1671 1318; x_wconf 83' lang='lat' dir='ltr'>humanam</span> 
     </span>
     <span class='ocr_line' id='line_1_17' title="bbox 124 1344 1672 1401; baseline -0.003 -11"><span class='ocrx_word' id='word_1_163' title='bbox 124 1353 297 1391; x_wconf 65' lang='lat' dir='ltr'>moun</span> <span class='ocrx_word' id='word_1_164' title='bbox 320 1346 480 1389; x_wconf 74' lang='lat' dir='ltr'>habuit?</span> <span class='ocrx_word' id='word_1_165' title='bbox 538 1348 602 1389; x_wconf 80' lang='lat' dir='ltr'>An</span> <span class='ocrx_word' id='word_1_166' title='bbox 626 1344 775 1389; x_wconf 78' lang='lat' dir='ltr'>Christi</span> <span class='ocrx_word' id='word_1_167' title='bbox 799 1354 968 1388; x_wconf 79' lang='lat' dir='ltr'>mentem</span> <span class='ocrx_word' id='word_1_168' title='bbox 985 1347 1024 1388; x_wconf 90' lang='lat' dir='ltr'>in</span> <span class='ocrx_word' id='word_1_169' title='bbox 1046 1360 1136 1388; x_wconf 89' lang='lat' dir='ltr'>sese</span> <span class='ocrx_word' id='word_1_170' title='bbox 1156 1347 1303 1398; x_wconf 73' lang='lat' dir='ltr'>ferens,</span> <span class='ocrx_word' id='word_1_171' title='bbox 1337 1345 1480 1388; x_wconf 87' lang='lat' dir='ltr'>amissa</span> <span class='ocrx_word' id='word_1_172' title='bbox 1501 1344 1672 1401; x_wconf 89' lang='lat' dir='ltr'>propria,</span> 
     </span>
     <span class='ocr_line' id='line_1_18' title="bbox 125 1411 1675 1472; baseline -0.003 -15"><span class='ocrx_word' id='word_1_173' title='bbox 125 1415 214 1459; x_wconf 72' lang='lat' dir='ltr'>eius</span> <span class='ocrx_word' id='word_1_174' title='bbox 235 1415 340 1457; x_wconf 79' lang='lat' dir='ltr'>iilam</span> <span class='ocrx_word' id='word_1_175' title='bbox 363 1415 451 1458; x_wconf 89' lang='lat' dir='ltr'>loco</span> <span class='ocrx_word' id='word_1_176' title='bbox 472 1414 690 1457; x_wconf 74' lang='lat' dir='ltr'>obtinuisse</span> <span class='ocrx_word' id='word_1_177' title='bbox 715 1415 906 1472; x_wconf 87' lang='lat' dir='ltr'>putandus</span> <span class='ocrx_word' id='word_1_178' title='bbox 926 1415 1013 1457; x_wconf 79' lang='lat' dir='ltr'>est?</span> <span class='ocrx_word' id='word_1_179' title='bbox 1070 1413 1164 1456; x_wconf 91' lang='lat' dir='ltr'>Non</span> <span class='ocrx_word' id='word_1_180' title='bbox 1186 1416 1348 1470; x_wconf 80' lang='lat' dir='ltr'>opinor3</span> <span class='ocrx_word' id='word_1_181' title='bbox 1395 1428 1468 1455; x_wconf 89' lang='lat' dir='ltr'>nec</span> <span class='ocrx_word' id='word_1_182' title='bbox 1488 1420 1550 1454; x_wconf 88' lang='lat' dir='ltr'>est</span> <span class='ocrx_word' id='word_1_183' title='bbox 1568 1411 1675 1468; x_wconf 86' lang='lat' dir='ltr'>quis-</span> 
     </span>
     <span class='ocr_line' id='line_1_19' title="bbox 125 1480 1676 1540; baseline -0.003 -14"><span class='ocrx_word' id='word_1_184' title='bbox 125 1488 240 1540; x_wconf 65' lang='lat' dir='ltr'>quan</span> <span class='ocrx_word' id='word_1_185' title='bbox 264 1483 330 1540; x_wconf 79' lang='lat' dir='ltr'>qni</span> <span class='ocrx_word' id='word_1_186' title='bbox 359 1483 457 1526; x_wconf 86' lang='lat' dir='ltr'>haec</span> <span class='ocrx_word' id='word_1_187' title='bbox 489 1483 646 1534; x_wconf 84' lang='lat' dir='ltr'>audiat,</span> <span class='ocrx_word' id='word_1_188' title='bbox 688 1483 753 1540; x_wconf 85' lang='lat' dir='ltr'>qui</span> <span class='ocrx_word' id='word_1_189' title='bbox 786 1497 863 1525; x_wconf 92' lang='lat' dir='ltr'>non</span> <span class='ocrx_word' id='word_1_190' title='bbox 895 1483 1132 1538; x_wconf 78' lang='lat' dir='ltr'>pecuiiarem</span> <span class='ocrx_word' id='word_1_191' title='bbox 1155 1481 1211 1524; x_wconf 83' lang='lat' dir='ltr'>ini</span> <span class='ocrx_word' id='word_1_192' title='bbox 1236 1482 1358 1524; x_wconf 75' lang='lat' dir='ltr'>fuisse</span> <span class='ocrx_word' id='word_1_193' title='bbox 1378 1489 1546 1524; x_wconf 87' lang='lat' dir='ltr'>mentem</span> <span class='ocrx_word' id='word_1_194' title='bbox 1571 1480 1676 1522; x_wconf 87' lang='lat' dir='ltr'>arbi·</span> 
     </span>
     <span class='ocr_line' id='line_1_20' title="bbox 124 1549 1674 1608; baseline -0.002 -14"><span class='ocrx_word' id='word_1_195' title='bbox 124 1556 275 1603; x_wconf 63' lang='lat' dir='ltr'>trane,</span> <span class='ocrx_word' id='word_1_196' title='bbox 314 1559 474 1608; x_wconf 80' lang='lat' dir='ltr'>praeter</span> <span class='ocrx_word' id='word_1_197' title='bbox 492 1566 605 1607; x_wconf 88' lang='lat' dir='ltr'>quam</span> <span class='ocrx_word' id='word_1_198' title='bbox 632 1549 781 1594; x_wconf 86' lang='lat' dir='ltr'>Christi</span> <span class='ocrx_word' id='word_1_199' title='bbox 805 1565 960 1607; x_wconf 86' lang='lat' dir='ltr'>quoque</span> <span class='ocrx_word' id='word_1_200' title='bbox 983 1557 1113 1593; x_wconf 81' lang='lat' dir='ltr'>mente</span> <span class='ocrx_word' id='word_1_201' title='bbox 1136 1551 1381 1607; x_wconf 79' lang='lat' dir='ltr'>repieretur,</span> <span class='ocrx_word' id='word_1_202' title='bbox 1426 1549 1489 1605; x_wconf 89' lang='lat' dir='ltr'>qui</span> <span class='ocrx_word' id='word_1_203' title='bbox 1514 1563 1558 1591; x_wconf 91' lang='lat' dir='ltr'>se</span> <span class='ocrx_word' id='word_1_204' title='bbox 1582 1549 1674 1591; x_wconf 78' lang='lat' dir='ltr'>reli-</span> 
     </span>
     <span class='ocr_line' id='line_1_21' title="bbox 125 1618 1674 1676; baseline -0.002 -14"><span class='ocrx_word' id='word_1_205' title='bbox 125 1618 280 1676; x_wconf 62' lang='lat' dir='ltr'>gionis,</span> <span class='ocrx_word' id='word_1_206' title='bbox 322 1620 514 1662; x_wconf 75' lang='lat' dir='ltr'>scientiae</span> <span class='ocrx_word' id='word_1_207' title='bbox 547 1634 594 1662; x_wconf 89' lang='lat' dir='ltr'>ac</span> <span class='ocrx_word' id='word_1_208' title='bbox 626 1620 782 1662; x_wconf 85' lang='lat' dir='ltr'>divinae</span> <span class='ocrx_word' id='word_1_209' title='bbox 812 1621 1012 1661; x_wconf 85' lang='lat' dir='ltr'>cuiusdam</span> <span class='ocrx_word' id='word_1_210' title='bbox 1036 1627 1076 1661; x_wconf 91' lang='lat' dir='ltr'>et</span> <span class='ocrx_word' id='word_1_211' title='bbox 1100 1619 1285 1661; x_wconf 82' lang='lat' dir='ltr'>coelestis</span> <span class='ocrx_word' id='word_1_212' title='bbox 1307 1619 1411 1660; x_wconf 86' lang='lat' dir='ltr'>vitae</span> <span class='ocrx_word' id='word_1_213' title='bbox 1432 1618 1674 1660; x_wconf 88' lang='lat' dir='ltr'>ornamentis</span> 
     </span>
     <span class='ocr_line' id='line_1_22' title="bbox 123 1685 1676 1746; baseline -0.003 -15"><span class='ocrx_word' id='word_1_214' title='bbox 123 1688 311 1731; x_wconf 68' lang='lat' dir='ltr'>afluent.</span> <span class='ocrx_word' id='word_1_215' title='bbox 373 1686 623 1746; x_wconf 80' lang='lat' dir='ltr'>Quapropter</span> <span class='ocrx_word' id='word_1_216' title='bbox 643 1689 676 1730; x_wconf 88' lang='lat' dir='ltr'>si</span> <span class='ocrx_word' id='word_1_217' title='bbox 704 1703 791 1731; x_wconf 89' lang='lat' dir='ltr'>cum</span> <span class='ocrx_word' id='word_1_218' title='bbox 817 1688 1012 1745; x_wconf 84' lang='lat' dir='ltr'>propriam</span> <span class='ocrx_word' id='word_1_219' title='bbox 1034 1687 1222 1739; x_wconf 84' lang='lat' dir='ltr'>haberet,</span> <span class='ocrx_word' id='word_1_220' title='bbox 1256 1685 1405 1730; x_wconf 88' lang='lat' dir='ltr'>Christi</span> <span class='ocrx_word' id='word_1_221' title='bbox 1426 1686 1587 1742; x_wconf 84' lang='lat' dir='ltr'>insuper</span> <span class='ocrx_word' id='word_1_222' title='bbox 1610 1686 1676 1728; x_wconf 82' lang='lat' dir='ltr'>ille</span> 
     </span>
     <span class='ocr_line' id='line_1_23' title="bbox 125 1754 1674 1814; baseline -0.002 -15"><span class='ocrx_word' id='word_1_223' title='bbox 125 1764 296 1800; x_wconf 73' lang='lat' dir='ltr'>mentem</span> <span class='ocrx_word' id='word_1_224' title='bbox 330 1757 562 1814; x_wconf 79' lang='lat' dir='ltr'>compiexus</span> <span class='ocrx_word' id='word_1_225' title='bbox 594 1764 678 1809; x_wconf 92' lang='lat' dir='ltr'>est,</span> <span class='ocrx_word' id='word_1_226' title='bbox 724 1771 972 1813; x_wconf 86' lang='lat' dir='ltr'>consequens</span> <span class='ocrx_word' id='word_1_227' title='bbox 1010 1764 1073 1798; x_wconf 85' lang='lat' dir='ltr'>est</span> <span class='ocrx_word' id='word_1_228' title='bbox 1103 1754 1303 1799; x_wconf 87' lang='lat' dir='ltr'>Christum</span> <span class='ocrx_word' id='word_1_229' title='bbox 1343 1755 1471 1811; x_wconf 85' lang='lat' dir='ltr'>ipsum</span> <span class='ocrx_word' id='word_1_230' title='bbox 1511 1755 1674 1797; x_wconf 85' lang='lat' dir='ltr'>verbum</span> 
     </span>
     <span class='ocr_line' id='line_1_24' title="bbox 126 1822 1677 1882; baseline -0.002 -14"><span class='ocrx_word' id='word_1_231' title='bbox 126 1832 297 1870; x_wconf 58' lang='lat' dir='ltr'>nonum</span> <span class='ocrx_word' id='word_1_232' title='bbox 330 1839 444 1878; x_wconf 66' lang='grc' dir='ltr'>ωας</span> <span class='ocrx_word' id='word_1_233' title='bbox 489 1826 522 1867; x_wconf 84' lang='lat' dir='ltr'>si</span> <span class='ocrx_word' id='word_1_234' title='bbox 555 1826 709 1882; x_wconf 87' lang='lat' dir='ltr'>quidem</span> <span class='ocrx_word' id='word_1_235' title='bbox 743 1826 796 1867; x_wconf 90' lang='lat' dir='ltr'>ita</span> <span class='ocrx_word' id='word_1_236' title='bbox 826 1826 930 1881; x_wconf 86' lang='lat' dir='ltr'>loqui</span> <span class='ocrx_word' id='word_1_237' title='bbox 962 1826 1068 1867; x_wconf 80' lang='lat' dir='ltr'>licet.</span> <span class='ocrx_word' id='word_1_238' title='bbox 1130 1822 1454 1879; x_wconf 83' lang='lat' dir='ltr'>Quandoquidem</span> <span class='ocrx_word' id='word_1_239' title='bbox 1480 1824 1677 1866; x_wconf 72' lang='lat' dir='ltr'>nonnullis</span> 
     </span>
     <span class='ocr_line' id='line_1_25' title="bbox 126 1892 1677 1951; baseline -0.003 -15"><span class='ocrx_word' id='word_1_240' title='bbox 126 1893 254 1937; x_wconf 69' lang='lat' dir='ltr'>vium</span> <span class='ocrx_word' id='word_1_241' title='bbox 277 1900 341 1936; x_wconf 71' lang='lat' dir='ltr'>ost</span> <span class='ocrx_word' id='word_1_242' title='bbox 368 1901 537 1936; x_wconf 82' lang='lat' dir='ltr'>mentem</span> <span class='ocrx_word' id='word_1_243' title='bbox 561 1894 758 1951; x_wconf 84' lang='lat' dir='ltr'>appellare</span> <span class='ocrx_word' id='word_1_244' title='bbox 789 1894 920 1936; x_wconf 90' lang='lat' dir='ltr'>deum.</span> <span class='ocrx_word' id='word_1_245' title='bbox 984 1892 1072 1949; x_wconf 82' lang='lat' dir='ltr'>Ego</span> <span class='ocrx_word' id='word_1_246' title='bbox 1093 1906 1191 1934; x_wconf 89' lang='lat' dir='ltr'>vero</span> <span class='ocrx_word' id='word_1_247' title='bbox 1215 1900 1384 1934; x_wconf 87' lang='lat' dir='ltr'>mentem</span> <span class='ocrx_word' id='word_1_248' title='bbox 1409 1900 1582 1933; x_wconf 86' lang='lat' dir='ltr'>nostram</span> <span class='ocrx_word' id='word_1_249' title='bbox 1608 1892 1677 1948; x_wconf 83' lang='lat' dir='ltr'>hy-</span> 
     </span>
     <span class='ocr_line' id='line_1_26' title="bbox 128 1960 1677 2019; baseline -0.003 -14"><span class='ocrx_word' id='word_1_250' title='bbox 128 1963 302 2019; x_wconf 70' lang='lat' dir='ltr'>pou-eiu</span> <span class='ocrx_word' id='word_1_251' title='bbox 336 1975 428 2004; x_wconf 86' lang='lat' dir='ltr'>esse</span> <span class='ocrx_word' id='word_1_252' title='bbox 458 1976 535 2005; x_wconf 90' lang='lat' dir='ltr'>non</span> <span class='ocrx_word' id='word_1_253' title='bbox 579 1963 772 2014; x_wconf 83' lang='lat' dir='ltr'>arbitror,</span> <span class='ocrx_word' id='word_1_254' title='bbox 827 1976 955 2018; x_wconf 87' lang='lat' dir='ltr'>neque</span> <span class='ocrx_word' id='word_1_255' title='bbox 990 1976 1043 2004; x_wconf 83' lang='lat' dir='ltr'>ex</span> <span class='ocrx_word' id='word_1_256' title='bbox 1082 1962 1274 2004; x_wconf 82' lang='lat' dir='ltr'>ecclesiae</span> <span class='ocrx_word' id='word_1_257' title='bbox 1321 1960 1408 2002; x_wconf 80' lang='lat' dir='ltr'>filiis</span> <span class='ocrx_word' id='word_1_258' title='bbox 1441 1960 1542 2002; x_wconf 77' lang='lat' dir='ltr'>alius</span> <span class='ocrx_word' id='word_1_259' title='bbox 1572 1961 1677 2016; x_wconf 89' lang='lat' dir='ltr'>quis·</span> 
     </span>
     <span class='ocr_line' id='line_1_27' title="bbox 127 2029 1677 2087; baseline -0.002 -14"><span class='ocrx_word' id='word_1_260' title='bbox 127 2042 269 2087; x_wconf 71' lang='lat' dir='ltr'>quam,</span> <span class='ocrx_word' id='word_1_261' title='bbox 311 2030 380 2073; x_wconf 86' lang='lat' dir='ltr'>sed</span> <span class='ocrx_word' id='word_1_262' title='bbox 405 2030 648 2073; x_wconf 80' lang='lat' dir='ltr'>efficientiam</span> <span class='ocrx_word' id='word_1_263' title='bbox 673 2031 865 2087; x_wconf 88' lang='lat' dir='ltr'>quandam</span> <span class='ocrx_word' id='word_1_264' title='bbox 880 2062 892 2082; x_wconf 93' lang='lat'>,</span> <span class='ocrx_word' id='word_1_265' title='bbox 939 2044 1039 2086; x_wconf 89' lang='lat' dir='ltr'>quae</span> <span class='ocrx_word' id='word_1_266' title='bbox 1065 2031 1103 2072; x_wconf 89' lang='lat' dir='ltr'>in</span> <span class='ocrx_word' id='word_1_267' title='bbox 1126 2029 1240 2072; x_wconf 89' lang='lat' dir='ltr'>nobis</span> <span class='ocrx_word' id='word_1_268' title='bbox 1260 2044 1282 2070; x_wconf 85' lang='lat' dir='ltr'>a</span> <span class='ocrx_word' id='word_1_269' title='bbox 1303 2030 1378 2071; x_wconf 83' lang='lat' dir='ltr'>deo</span> <span class='ocrx_word' id='word_1_270' title='bbox 1401 2043 1591 2071; x_wconf 86' lang='lat' dir='ltr'>concessa</span> <span class='ocrx_word' id='word_1_271' title='bbox 1614 2042 1677 2071; x_wconf 86' lang='lat' dir='ltr'>re·</span> 
     </span>
     <span class='ocr_line' id='line_1_28' title="bbox 126 2095 1676 2156; baseline -0.001 -15"><span class='ocrx_word' id='word_1_272' title='bbox 126 2099 266 2141; x_wconf 67' lang='lat' dir='ltr'>uideat.</span> <span class='ocrx_word' id='word_1_273' title='bbox 327 2095 528 2141; x_wconf 82' lang='lat' dir='ltr'>Christum</span> <span class='ocrx_word' id='word_1_274' title='bbox 562 2112 657 2140; x_wconf 86' lang='lat' dir='ltr'>vero</span> <span class='ocrx_word' id='word_1_275' title='bbox 691 2100 918 2156; x_wconf 85' lang='lat' dir='ltr'>hypostasin</span> <span class='ocrx_word' id='word_1_276' title='bbox 955 2112 1045 2141; x_wconf 85' lang='lat' dir='ltr'>esse</span> <span class='ocrx_word' id='word_1_277' title='bbox 1077 2098 1191 2150; x_wconf 87' lang='lat' dir='ltr'>dico,</span> <span class='ocrx_word' id='word_1_278' title='bbox 1234 2105 1342 2139; x_wconf 85' lang='lat' dir='ltr'>utet</span> <span class='ocrx_word' id='word_1_279' title='bbox 1373 2098 1506 2149; x_wconf 75' lang='lat' dir='ltr'>fideles</span> <span class='ocrx_word' id='word_1_280' title='bbox 1537 2111 1676 2139; x_wconf 85' lang='lat' dir='ltr'>omnes</span> 
     </span>
     <span class='ocr_line' id='line_1_29' title="bbox 126 2166 1674 2223; baseline -0.003 -13"><span class='ocrx_word' id='word_1_281' title='bbox 126 2167 382 2218; x_wconf 55' lang='lat' dir='ltr'>condumum</span> <span class='ocrx_word' id='word_1_282' title='bbox 429 2173 470 2208; x_wconf 90' lang='lat' dir='ltr'>et</span> <span class='ocrx_word' id='word_1_283' title='bbox 491 2166 605 2209; x_wconf 88' lang='lat' dir='ltr'>deum</span> <span class='ocrx_word' id='word_1_284' title='bbox 637 2181 727 2209; x_wconf 87' lang='lat' dir='ltr'>esse</span> <span class='ocrx_word' id='word_1_285' title='bbox 758 2168 964 2223; x_wconf 70' lang='lat' dir='ltr'>profiteor,</span> <span class='ocrx_word' id='word_1_286' title='bbox 1009 2181 1054 2209; x_wconf 92' lang='lat' dir='ltr'>ac</span> <span class='ocrx_word' id='word_1_287' title='bbox 1081 2167 1277 2208; x_wconf 90' lang='lat' dir='ltr'>dominum</span> <span class='ocrx_word' id='word_1_288' title='bbox 1300 2181 1322 2207; x_wconf 86' lang='lat' dir='ltr'>a</span> <span class='ocrx_word' id='word_1_289' title='bbox 1351 2173 1458 2222; x_wconf 84' lang='lat' dir='ltr'>patre</span> <span class='ocrx_word' id='word_1_290' title='bbox 1483 2166 1674 2221; x_wconf 84' lang='lat' dir='ltr'>genitum,</span> 
     </span>
     <span class='ocr_line' id='line_1_30' title="bbox 127 2233 1677 2293; baseline -0.001 -16"><span class='ocrx_word' id='word_1_291' title='bbox 127 2235 343 2293; x_wconf 69' lang='lat' dir='ltr'>perfectum</span> <span class='ocrx_word' id='word_1_292' title='bbox 378 2248 401 2276; x_wconf 89' lang='lat' dir='ltr'>e</span> <span class='ocrx_word' id='word_1_293' title='bbox 432 2236 631 2291; x_wconf 77' lang='lat' dir='ltr'>perfecto,</span> <span class='ocrx_word' id='word_1_294' title='bbox 674 2235 802 2277; x_wconf 79' lang='lat' dir='ltr'>iumen</span> <span class='ocrx_word' id='word_1_295' title='bbox 835 2236 882 2277; x_wconf 90' lang='lat' dir='ltr'>de</span> <span class='ocrx_word' id='word_1_296' title='bbox 913 2235 1083 2288; x_wconf 82' lang='lat' dir='ltr'>lumine,</span> <span class='ocrx_word' id='word_1_297' title='bbox 1125 2236 1239 2277; x_wconf 89' lang='lat' dir='ltr'>deum</span> <span class='ocrx_word' id='word_1_298' title='bbox 1273 2235 1321 2276; x_wconf 88' lang='lat' dir='ltr'>de</span> <span class='ocrx_word' id='word_1_299' title='bbox 1355 2236 1445 2276; x_wconf 91' lang='lat' dir='ltr'>deo.</span> <span class='ocrx_word' id='word_1_300' title='bbox 1508 2233 1677 2276; x_wconf 86' lang='lat' dir='ltr'>Verum-</span> 
     </span>
     <span class='ocr_line' id='line_1_31' title="bbox 127 2302 1676 2359; baseline -0.003 -13"><span class='ocrx_word' id='word_1_301' title='bbox 127 2310 255 2346; x_wconf 72' lang='lat' dir='ltr'>tamen</span> <span class='ocrx_word' id='word_1_302' title='bbox 288 2316 340 2345; x_wconf 84' lang='lat' dir='ltr'>ex</span> <span class='ocrx_word' id='word_1_303' title='bbox 366 2303 503 2345; x_wconf 87' lang='lat' dir='ltr'>eadem</span> <span class='ocrx_word' id='word_1_304' title='bbox 526 2302 680 2344; x_wconf 82' lang='lat' dir='ltr'>ratione</span> <span class='ocrx_word' id='word_1_305' title='bbox 705 2303 771 2345; x_wconf 80' lang='grc' dir='ltr'><strong>ἰΙΙο</strong></span> <span class='ocrx_word' id='word_1_306' title='bbox 796 2303 903 2359; x_wconf 88' lang='lat' dir='ltr'>ipse,</span> <span class='ocrx_word' id='word_1_307' title='bbox 936 2304 1000 2359; x_wconf 89' lang='lat' dir='ltr'>qui</span> <span class='ocrx_word' id='word_1_308' title='bbox 1021 2305 1059 2345; x_wconf 89' lang='lat' dir='ltr'>in</span> <span class='ocrx_word' id='word_1_309' title='bbox 1082 2317 1172 2345; x_wconf 88' lang='lat' dir='ltr'>sese</span> <span class='ocrx_word' id='word_1_310' title='bbox 1194 2317 1305 2346; x_wconf 89' lang='lat' dir='ltr'>mens</span> <span class='ocrx_word' id='word_1_311' title='bbox 1331 2311 1442 2354; x_wconf 81' lang='lat' dir='ltr'>erat,</span> <span class='ocrx_word' id='word_1_312' title='bbox 1475 2310 1518 2345; x_wconf 85' lang='lat' dir='ltr'>ut</span> <span class='ocrx_word' id='word_1_313' title='bbox 1539 2303 1587 2344; x_wconf 89' lang='lat' dir='ltr'>de</span> <span class='ocrx_word' id='word_1_314' title='bbox 1610 2302 1676 2343; x_wconf 85' lang='grc' dir='ltr'>ἰΙΙο</span> 
     </span>
     <span class='ocr_line' id='line_1_32' title="bbox 125 2371 1674 2427; baseline -0.002 -13"><span class='ocrx_word' id='word_1_315' title='bbox 125 2378 287 2415; x_wconf 76' lang='lat' dir='ltr'>sanctus</span> <span class='ocrx_word' id='word_1_316' title='bbox 306 2371 507 2427; x_wconf 80' lang='lat' dir='ltr'>apostolus</span> <span class='ocrx_word' id='word_1_317' title='bbox 529 2372 659 2422; x_wconf 81' lang='lat' dir='ltr'>docet,</span> <span class='ocrx_word' id='word_1_318' title='bbox 691 2385 778 2412; x_wconf 86' lang='lat' dir='ltr'>cum</span> <span class='ocrx_word' id='word_1_319' title='bbox 796 2372 865 2422; x_wconf 85' lang='lat' dir='ltr'>ait,</span> <span class='ocrx_word' id='word_1_320' title='bbox 897 2374 979 2413; x_wconf 83' lang='lat' dir='ltr'>Nos</span> <span class='ocrx_word' id='word_1_321' title='bbox 993 2381 1116 2413; x_wconf 78' lang='lat' dir='ltr'>autem</span> <span class='ocrx_word' id='word_1_322' title='bbox 1140 2374 1288 2413; x_wconf 75' lang='lat' dir='ltr'>Christi</span> <span class='ocrx_word' id='word_1_323' title='bbox 1305 2380 1459 2412; x_wconf 83' lang='lat' dir='ltr'>mentem</span> <span class='ocrx_word' id='word_1_324' title='bbox 1484 2372 1674 2419; x_wconf 72' lang='lat' dir='ltr'>habemus,</span> 
     </span>
     <span class='ocr_line' id='line_1_33' title="bbox 125 2438 1678 2496; baseline -0.003 -13"><span class='ocrx_word' id='word_1_325' title='bbox 125 2439 295 2483; x_wconf 72' lang='lat' dir='ltr'>babebat</span> <span class='ocrx_word' id='word_1_326' title='bbox 327 2447 403 2481; x_wconf 76' lang='lat' dir='ltr'>tam</span> <span class='ocrx_word' id='word_1_327' title='bbox 432 2439 515 2496; x_wconf 87' lang='lat' dir='ltr'>ipse</span> <span class='ocrx_word' id='word_1_328' title='bbox 541 2453 654 2495; x_wconf 87' lang='lat' dir='ltr'>quam</span> <span class='ocrx_word' id='word_1_329' title='bbox 686 2439 711 2480; x_wconf 90' lang='lat' dir='ltr'>ii</span> <span class='ocrx_word' id='word_1_330' title='bbox 735 2439 782 2480; x_wconf 86' lang='lat' dir='ltr'>de</span> <span class='ocrx_word' id='word_1_331' title='bbox 806 2438 946 2495; x_wconf 87' lang='lat' dir='ltr'>quibus</span> <span class='ocrx_word' id='word_1_332' title='bbox 978 2440 1209 2482; x_wconf 70' lang='lat' dir='ltr'>testiflcatur</span> <span class='ocrx_word' id='word_1_333' title='bbox 1234 2440 1428 2496; x_wconf 84' lang='lat' dir='ltr'>propriam</span> <span class='ocrx_word' id='word_1_334' title='bbox 1463 2438 1536 2481; x_wconf 87' lang='lat' dir='ltr'>sibi</span> <span class='ocrx_word' id='word_1_335' title='bbox 1571 2452 1678 2479; x_wconf 84' lang='lat' dir='ltr'>men-</span> 
     </span>
     <span class='ocr_line' id='line_1_34' title="bbox 126 2505 1677 2564; baseline -0.003 -13"><span class='ocrx_word' id='word_1_336' title='bbox 126 2514 221 2551; x_wconf 81' lang='lat' dir='ltr'>tem.</span> <span class='ocrx_word' id='word_1_337' title='bbox 283 2507 345 2551; x_wconf 78' lang='lat' dir='ltr'>Ac</span> <span class='ocrx_word' id='word_1_338' title='bbox 368 2522 523 2550; x_wconf 87' lang='lat' dir='ltr'>rursum</span> <span class='ocrx_word' id='word_1_339' title='bbox 545 2505 696 2549; x_wconf 86' lang='lat' dir='ltr'>Christi</span> <span class='ocrx_word' id='word_1_340' title='bbox 727 2519 838 2549; x_wconf 85' lang='lat' dir='ltr'>mens</span> <span class='ocrx_word' id='word_1_341' title='bbox 861 2507 950 2550; x_wconf 77' lang='lat' dir='ltr'>illos</span> <span class='ocrx_word' id='word_1_342' title='bbox 978 2508 1185 2564; x_wconf 75' lang='lat' dir='ltr'>implebat,</span> <span class='ocrx_word' id='word_1_343' title='bbox 1229 2522 1315 2550; x_wconf 86' lang='lat' dir='ltr'>cum</span> <span class='ocrx_word' id='word_1_344' title='bbox 1339 2507 1412 2548; x_wconf 86' lang='lat' dir='ltr'>hoc</span> <span class='ocrx_word' id='word_1_345' title='bbox 1439 2508 1553 2548; x_wconf 90' lang='lat' dir='ltr'>modo</span> <span class='ocrx_word' id='word_1_346' title='bbox 1575 2507 1677 2548; x_wconf 83' lang='lat' dir='ltr'>illius</span> 
     </span>
     <span class='ocr_line' id='line_1_35' title="bbox 126 2576 799 2634; baseline -0.006 -14"><span class='ocrx_word' id='word_1_347' title='bbox 126 2577 167 2620; x_wconf 74' lang='lat' dir='ltr'>iu</span> <span class='ocrx_word' id='word_1_348' title='bbox 196 2576 295 2634; x_wconf 85' lang='lat' dir='ltr'>ipsis</span> <span class='ocrx_word' id='word_1_349' title='bbox 324 2577 453 2632; x_wconf 75' lang='lat' dir='ltr'>grstia</span> <span class='ocrx_word' id='word_1_350' title='bbox 486 2576 618 2633; x_wconf 83' lang='lat' dir='ltr'>perfici</span> <span class='ocrx_word' id='word_1_351' title='bbox 651 2581 799 2632; x_wconf 84' lang='lat' dir='ltr'>posset.</span> 
     </span>
    </p>

    <p class='ocr_par' dir='ltr' id='par_1_3' title="bbox 125 2640 1865 2837">
     <span class='ocr_line' id='line_1_36' title="bbox 238 2640 1826 2701; baseline -0.003 -14"><span class='ocrx_word' id='word_1_352' title='bbox 238 2644 348 2688; x_wconf 76' lang='lat' dir='ltr'>Nihil</span> <span class='ocrx_word' id='word_1_353' title='bbox 367 2644 488 2700; x_wconf 78' lang='lat' dir='ltr'>igitur</span> <span class='ocrx_word' id='word_1_354' title='bbox 505 2659 525 2686; x_wconf 88' lang='lat' dir='ltr'>a</span> <span class='ocrx_word' id='word_1_355' title='bbox 549 2644 745 2701; x_wconf 82' lang='lat' dir='ltr'>proposita</span> <span class='ocrx_word' id='word_1_356' title='bbox 765 2641 1058 2686; x_wconf 76' lang='lat' dir='ltr'>similitudinum</span> <span class='ocrx_word' id='word_1_357' title='bbox 1076 2644 1277 2696; x_wconf 82' lang='lat' dir='ltr'>abhorret,</span> <span class='ocrx_word' id='word_1_358' title='bbox 1311 2644 1411 2685; x_wconf 87' lang='lat' dir='ltr'>idem</span> <span class='ocrx_word' id='word_1_359' title='bbox 1434 2650 1475 2685; x_wconf 91' lang='lat' dir='ltr'>ut</span> <span class='ocrx_word' id='word_1_360' title='bbox 1493 2644 1541 2685; x_wconf 81' lang='lat' dir='ltr'>ad</span> <span class='ocrx_word' id='word_1_361' title='bbox 1558 2640 1675 2686; x_wconf 86' lang='lat' dir='ltr'>Chri·</span> <span class='ocrx_word' id='word_1_362' title='bbox 1733 2658 1826 2690; x_wconf 44' lang='lat' dir='ltr'>cip,</span> 
     </span>
     <span class='ocr_line' id='line_1_37' title="bbox 125 2703 1865 2767; baseline -0.003 -10"><span class='ocrx_word' id='word_1_363' title='bbox 125 2721 228 2757; x_wconf 78' lang='lat' dir='ltr'>stum</span> <span class='ocrx_word' id='word_1_364' title='bbox 250 2715 537 2756; x_wconf 77' lang='lat' dir='ltr'>transferamus</span> <span class='ocrx_word' id='word_1_365' title='bbox 560 2725 725 2767; x_wconf 79' lang='lat' dir='ltr'>eumque</span> <span class='ocrx_word' id='word_1_366' title='bbox 750 2718 984 2764; x_wconf 74' lang='lat' dir='ltr'>statuamus,</span> <span class='ocrx_word' id='word_1_367' title='bbox 1017 2726 1104 2754; x_wconf 85' lang='lat' dir='ltr'>oum</span> <span class='ocrx_word' id='word_1_368' title='bbox 1126 2712 1164 2754; x_wconf 92' lang='lat' dir='ltr'>in</span> <span class='ocrx_word' id='word_1_369' title='bbox 1188 2726 1278 2754; x_wconf 83' lang='lat' dir='ltr'>sese</span> <span class='ocrx_word' id='word_1_370' title='bbox 1300 2713 1396 2753; x_wconf 88' lang='lat' dir='ltr'>deus</span> <span class='ocrx_word' id='word_1_371' title='bbox 1419 2718 1542 2762; x_wconf 82' lang='lat' dir='ltr'>esset,</span> <span class='ocrx_word' id='word_1_372' title='bbox 1576 2718 1673 2753; x_wconf 83' lang='lat' dir='ltr'>tam·</span> <span class='ocrx_word' id='word_1_373' title='bbox 1696 2703 1865 2738; x_wconf 62' lang='lat' dir='ltr'>xxxw·</span> 
     </span>
     <span class='ocr_line' id='line_1_38' title="bbox 125 2780 1674 2837; baseline -0.001 -13"><span class='ocrx_word' id='word_1_374' title='bbox 125 2781 199 2825; x_wconf 80' lang='lat' dir='ltr'>etsi</span> <span class='ocrx_word' id='word_1_375' title='bbox 223 2781 365 2824; x_wconf 86' lang='lat' dir='ltr'>mentis</span> <span class='ocrx_word' id='word_1_376' title='bbox 400 2789 507 2824; x_wconf 84' lang='lat' dir='ltr'>esset</span> <span class='ocrx_word' id='word_1_377' title='bbox 530 2781 721 2823; x_wconf 87' lang='lat' dir='ltr'>humanae</span> <span class='ocrx_word' id='word_1_378' title='bbox 745 2780 961 2837; x_wconf 87' lang='lat' dir='ltr'>particeps,</span> <span class='ocrx_word' id='word_1_379' title='bbox 1006 2781 1326 2836; x_wconf 87' lang='lat' dir='ltr'>quemadmodum</span> <span class='ocrx_word' id='word_1_380' title='bbox 1353 2780 1484 2821; x_wconf 87' lang='lat' dir='ltr'>caruis</span> <span class='ocrx_word' id='word_1_381' title='bbox 1509 2793 1556 2821; x_wconf 80' lang='lat' dir='ltr'>ac</span> <span class='ocrx_word' id='word_1_382' title='bbox 1584 2794 1674 2822; x_wconf 85' lang='lat' dir='ltr'>san·</span> 
     </span>
    </p>
   </div>
   <div class='ocr_carea' id='block_1_3' title="bbox 125 2889 1676 3124">
    <p class='ocr_par' dir='ltr' id='par_1_4' title="bbox 125 2889 1676 3124">
     <span class='ocr_line' id='line_1_39' title="bbox 169 2889 1385 2936; baseline -0.004 -6"><span class='ocrx_word' id='word_1_383' title='bbox 169 2893 203 2930; x_wconf 89' lang='lat'>7.</span> <span class='ocrx_word' id='word_1_384' title='bbox 226 2893 320 2936; x_wconf 68' lang='grc' dir='ltr'><strong>ἱδοξι</strong></span> <span class='ocrx_word' id='word_1_385' title='bbox 339 2897 581 2930; x_wconf 65' lang='lat' dir='ltr'>mandaverunt</span> <span class='ocrx_word' id='word_1_386' title='bbox 607 2898 778 2928; x_wconf 71' lang='lat' dir='ltr'>cornui-ius</span> <span class='ocrx_word' id='word_1_387' title='bbox 810 2894 880 2936; x_wconf 76' lang='lat' dir='ltr'>(qui</span> <span class='ocrx_word' id='word_1_388' title='bbox 969 2892 1002 2927; x_wconf 84' lang='lat'>9.</span> <span class='ocrx_word' id='word_1_389' title='bbox 1026 2889 1141 2932; x_wconf 67' lang='grc' dir='ltr'>αὐτοῖς</span> <span class='ocrx_word' id='word_1_390' title='bbox 1163 2895 1229 2927; x_wconf 71' lang='lat' dir='ltr'>eod.</span> <span class='ocrx_word' id='word_1_391' title='bbox 1258 2894 1385 2936; x_wconf 63' lang='lat' dir='ltr'>Rhodia.</span> 
     </span>
     <span class='ocr_line' id='line_1_40' title="bbox 125 2937 1676 2986; baseline -0.001 -12"><span class='ocrx_word' id='word_1_392' title='bbox 125 2942 214 2974; x_wconf 64' lang='lat' dir='ltr'>turm</span> <span class='ocrx_word' id='word_1_393' title='bbox 239 2940 324 2973; x_wconf 75' lang='lat' dir='ltr'>Nm</span> <span class='ocrx_word' id='word_1_394' title='bbox 358 2941 552 2986; x_wconf 79' lang='lat' dir='ltr'>quibusdam</span> <span class='ocrx_word' id='word_1_395' title='bbox 577 2941 680 2973; x_wconf 77' lang='lat' dir='ltr'>visum</span> <span class='ocrx_word' id='word_1_396' title='bbox 706 2947 755 2973; x_wconf 83' lang='lat' dir='ltr'>est</span> <span class='ocrx_word' id='word_1_397' title='bbox 783 2950 877 2972; x_wconf 83' lang='lat' dir='ltr'>men-</span> <span class='ocrx_word' id='word_1_398' title='bbox 971 2938 1050 2972; x_wconf 72' lang='lat' dir='ltr'>CAr.</span> <span class='ocrx_word' id='word_1_399' title='bbox 1066 2939 1231 2971; x_wconf 74' lang='lat' dir='ltr'>XXXVI.</span> <span class='ocrx_word' id='word_1_400' title='bbox 1258 2957 1298 2964; x_wconf 92' lang='lat'><strong>—</strong></span> <span class='ocrx_word' id='word_1_401' title='bbox 1350 2940 1375 2972; x_wconf 82' lang='lat'>1.</span> <span class='ocrx_word' id='word_1_402' title='bbox 1399 2937 1523 2981; x_wconf 68' lang='lat' dir='ltr'>clem</span> <span class='ocrx_word' id='word_1_403' title='bbox 1542 2938 1574 2975; x_wconf 62' lang='grc' dir='ltr'><em>ά</em></span> <span class='ocrx_word' id='word_1_404' title='bbox 1590 2949 1676 2973; x_wconf 79' lang='lat' dir='ltr'>men-</span> 
     </span>
     <span class='ocr_line' id='line_1_41' title="bbox 125 2985 1676 3072; baseline 0 -53"><span class='ocrx_word' id='word_1_405' title='bbox 125 2990 194 3018; x_wconf 72' lang='lat' dir='ltr'>tem</span> <span class='ocrx_word' id='word_1_406' title='bbox 222 2995 350 3072; x_wconf 48' lang='lat' dir='ltr'>vacare:</span> <span class='ocrx_word' id='word_1_407' title='bbox 369 2986 484 3030; x_wconf 78' lang='lat' dir='ltr'>deum)</span> <span class='ocrx_word' id='word_1_408' title='bbox 516 2991 545 3021; x_wconf 82' lang='lat' dir='ltr'>et</span> <span class='ocrx_word' id='word_1_409' title='bbox 568 2988 727 3022; x_wconf 68' lang='lat' dir='ltr'>Pacuvius.</span> <span class='ocrx_word' id='word_1_410' title='bbox 788 2986 875 3019; x_wconf 70' lang='lat' dir='ltr'>mort</span> <span class='ocrx_word' id='word_1_411' title='bbox 918 2986 1001 3065; x_wconf 49' lang='grc' dir='ltr'>ἐστι</span> <span class='ocrx_word' id='word_1_412' title='bbox 1023 2989 1067 3018; x_wconf 77' lang='lat' dir='ltr'>est</span> <span class='ocrx_word' id='word_1_413' title='bbox 1092 2993 1273 3026; x_wconf 69' lang='lat' dir='ltr'>expressum</span> <span class='ocrx_word' id='word_1_414' title='bbox 1296 2987 1329 3020; x_wconf 73' lang='lat' dir='ltr'>tn</span> <span class='ocrx_word' id='word_1_415' title='bbox 1360 2985 1408 3019; x_wconf 70' lang='lat' dir='ltr'>od.</span> <span class='ocrx_word' id='word_1_416' title='bbox 1434 2986 1543 3021; x_wconf 78' lang='lat' dir='ltr'>Pstw.</span> <span class='ocrx_word' id='word_1_417' title='bbox 1570 2987 1676 3020; x_wconf 74' lang='lat' dir='ltr'>Coton.</span> 
     </span>
     <span class='ocr_line' id='line_1_42' title="bbox 170 3040 1011 3124; baseline -0.002 -12"><span class='ocrx_word' id='word_1_418' title='bbox 170 3079 201 3112; x_wconf 71' lang='lat' dir='ltr'>ts.</span> <span class='ocrx_word' id='word_1_419' title='bbox 225 3073 321 3124; x_wconf 67' lang='grc' dir='ltr'>αὐτῷ</span> <span class='ocrx_word' id='word_1_420' title='bbox 345 3055 413 3112; x_wconf 69' lang='grc' dir='ltr'>ἐοα.</span> <span class='ocrx_word' id='word_1_421' title='bbox 433 3078 563 3120; x_wconf 57' lang='lat' dir='ltr'>amia.</span> <span class='ocrx_word' id='word_1_422' title='bbox 936 3040 972 3073; x_wconf 58' lang='grc' dir='ltr'><strong><em>φ</em></strong></span> <span class='ocrx_word' id='word_1_423' title='bbox 1004 3054 1011 3062; x_wconf 77' lang='grc'><strong><em>’</em></strong></span> 
     </span>
    </p>
   </div>
  </div>
 </body>
</html>
