2020 3276
637 235 1075 273 mscerfflmsosss.
1541 221 1622 266 561

121 326 152 363 5·
183 323 421 374 ‘N‘tcolaitae
446 337 471 366 a
488 319 658 365 Nicolao
685 319 755 360 illo
789 317 955 359 derivati
988 323 1078 358 sunt
1113 314 1175 356 eui
1207 313 1256 356 ab
1280 311 1467 370 apostolis
1493 310 1628 353 vidua-

83 409 170 439 rum
204 407 300 438 cura
334 392 543 435 commissa
578 390 719 431 fuerat.
796 384 872 427 Hic
909 384 1107 441 zelotypia
1142 382 1192 424 ob
1224 395 1390 425 uxorem
1423 387 1626 431 aestuans,

79 461 277 506 “maliis
294 466 589 519 praeposteram
609 457 807 499 libidinem
827 466 1021 497 exercere
1039 466 1135 494 suos
1155 451 1303 493 docuit.
1363 448 1446 492 Sed
1464 456 1504 491 et
1523 445 1630 491 Cau·

79 530 282 576 {aua-et
301 527 540 580 Prunicum,
572 533 614 570 et
634 525 711 568 alia
733 523 934 567 nominum
962 528 1157 579 portenta,
1190 520 1231 561 iu
1254 519 1439 562 mundum
1457 516 1627 560 invexit.

95 679 144 701 21*
198 666 353 712 floram
372 664 553 709 Gnostici
577 675 832 707 successores
855 660 1060 702 haeresum
1085 659 1202 713 longe
1220 670 1358 699 omnes
1381 654 1631 713 turpitudinis

81 744 205 794 etque
223 735 499 780 exsecrandae
521 731 720 775 foeditatis
738 728 900 774 vesania
921 733 1172 785 superarunt.
1233 724 1428 768 Militares
1451 738 1570 780 porro
1590 724 1632 766 iu

85 802 272 863 Aegypto
303 802 488 846 dicuntur
521 809 563 844 et
586 799 856 851 Phibionitae,
903 798 943 839 in
975 796 1179 853 superiore
1213 801 1341 836 tractu
1371 791 1631 846 Secundiani,

84 873 181 922 etthi
197 870 456 923 soor-tiene,
489 870 540 912 ab
566 869 653 912 aliis
675 867 889 910 zacchaei.
948 863 1054 909 Sunt
1075 865 1138 920 qui
1163 878 1234 906 eos
1259 860 1484 905 Coddianos
1507 860 1632 903 nomi-

86 949 207 1005 nqt‚
238 941 396 999 quidam
427 939 694 995 Βορβορίτας,
725 936 810 979 sive
840 935 1070 978 lutulentos.

79 1110 84 1120 .
163 1100 167 1106 ·
188 1075 501 1136 ⁴carpocratiani
521 1090 544 1117 a
566 1073 812 1132 Carpocrate
832 1073 999 1130 quodam
1018 1071 1199 1114 Asiatico
1218 1070 1333 1121 dieti,
1367 1069 1430 1126 qui
1451 1069 1498 1110 ad
1520 1081 1635 1109 omne

90 1146 368 1205 turpitudinum
404 1160 451 1189 ac
478 1144 717 1201 flagitiorum
749 1155 878 1198 genus
908 1140 1119 1198 discipulos
1146 1138 1399 1181 informabat.
1463 1136 1578 1193 Quod
1601 1136 1636 1178 si

86 1214 390 1273 quis-,aiebam
437 1227 515 1256 non
537 1212 668 1255 omnia
694 1210 959 1268 percurrerit,
1002 1222 1129 1265 neque
1157 1209 1390 1250 daemonum
1415 1214 1455 1248 et
1479 1205 1639 1261 angelo-

89 1298 176 1328 rum
200 1283 372 1327 ennium
404 1281 596 1324 voluntati
623 1279 886 1330 satisfecerit,
924 1292 1151 1335 supremum
1179 1276 1219 1318 in
1243 1276 1394 1318 coelum
1426 1275 1541 1318 evehi
1566 1274 1639 1315 mi-

89 1350 374 1410 ninc'potest,
416 1364 544 1406 neque
569 1349 810 1406 principatus
835 1354 1128 1404 potestatesque
1154 1345 1451 1387 transcendere.
1511 1344 1638 1385 Asse-

88 1421 203 1464 reht
220 1421 329 1464 idem
346 1418 475 1462 lesum
499 1425 630 1460 mente
650 1417 864 1475 praeditam
887 1416 1054 1458 animam
1076 1414 1315 1471 sumpsisse,
1347 1421 1387 1455 et
1410 1412 1639 1455 coelestium

88 1496 407 1533 nummorum
440 1486 666 1542 cognitione
705 1486 919 1543 praeditum
947 1483 1167 1526 hominibus
1197 1497 1244 1525 ea
1268 1482 1494 1532 nuntiasse,
1538 1494 1586 1522 ac
1606 1480 1641 1522 si

91 1558 179 1615 quis
199 1557 337 1601 eadem
363 1570 461 1613 quae
483 1554 596 1597 lesus
617 1555 707 1596 olim
735 1560 956 1611 perpetret,
1000 1552 1099 1594 haud
1125 1566 1172 1594 eo
1199 1552 1427 1593 inferiorem
1451 1551 1636 1592 futurum.

94 1625 264 1670 Beuu-
289 1625 416 1682 legem
440 1638 517 1667 uua
542 1638 630 1665 cum
651 1630 894 1665 mortuorum
918 1621 1212 1664 resurrectione
1234 1619 1465 1671 damnabat,
1507 1632 1643 1674 quem-

94 1695 300 1739 admodum
321 1701 363 1736 et
384 1691 620 1744 Simoniani,
654 1691 854 1748 ceterique
879 1705 1041 1742 omnes,
1073 1704 1171 1746 quos
1194 1689 1395 1744 hucusque
1415 1686 1639 1744 percensui.

97 1760 305 1807 Erit-ius
322 1775 452 1819 grege
475 1759 707 1803 Marcelline
730 1761 794 1802 illa
821 1759 974 1802 Romae
997 1759 1083 1801 fuit.
1146 1759 1276 1814 Atque
1300 1758 1400 1799 idem
1428 1754 1518 1799 lesu
1539 1754 1644 1798 Pau-

97 1831 226 1888 lique,
258 1845 331 1874 ucc
349 1844 427 1872 non
451 1837 491 1872 et
511 1828 675 1872 Homeri
698 1843 743 1870 ac-
766 1826 1018 1886 Pythagorae
1042 1827 1258 1869 clanculum
1279 1824 1470 1882 imagines
1492 1825 1644 1880 lingens

98 1899 385 1944 noctibus-eas
415 1905 459 1941 et
483 1898 711 1941 adoratione
742 1905 974 1954 prosecutus
1004 1903 1080 1939 est.

131 1996 133 2000 x
213 1964 485 2018 cerinthiani,
517 1967 603 2009 sive
627 1964 911 2018 Merinthiani,
954 1980 976 2007 a
1004 1963 1198 2008 Cerintho
1222 1963 1286 2006 vel
1309 1961 1534 2014 Merintho,
1580 1959 1645 2004 Iu-

100 2035 201 2080 daici
218 2035 377 2092 generis
399 2034 637 2088 extiterunt,
667 2035 733 2091 qui
755 2033 1094 2077 circumcisionem
1117 2046 1211 2090 prae
1231 2046 1276 2075 se
1300 2031 1492 2074 serebant.
1524 2028 1646 2072 Mun-

101 2107 191 2149 dum
221 2105 270 2149 ab
290 2102 444 2160 angelis
469 2102 727 2155 fabricatum,
769 2100 900 2146 lesum
924 2103 971 2145 ad
997 2101 1147 2146 Christi
1173 2101 1401 2158 dignitatem
1432 2114 1502 2157 per
1524 2099 1647 2143 virtu-

101 2181 182 2218 tum
211 2173 457 2216 incrementa
486 2170 717 2227 pervenisse
745 2171 948 2214 dixerunt.
1164 2183 1167 2185 ’

214 2239 419 2285 Nazareni
451 2238 504 2281 ita
527 2236 655 2281 lesum
681 2252 771 2282 esse
795 2237 1020 2293 Christum,
1061 2239 1201 2296 deique
1225 2239 1342 2280 lilium
1373 2246 1646 2291 asseruerunt,

103 2318 146 2355 ut
174 2308 303 2353 Musis
333 2309 459 2364 legem
490 2307 651 2350 omniuo
679 2307 786 2350 vitae
812 2308 866 2350 ad
894 2308 1112 2351 institutum
1142 2307 1399 2350 adsciverint.

218 2376 513 2428 Cerinthianis,
555 2389 601 2418 ac
630 2374 855 2418 Nazarenis
889 2376 1072 2419 simillimi
1105 2383 1197 2419 sunt
1230 2375 1463 2427 Ebioussae,
1510 2374 1649 2431 quibus

2 2502 6 2505 ἱ
105 2461 193 2492 eum
217 2444 446 2503 Sampsaeis
466 2452 506 2487 et
529 2442 731 2486 Elcesaeis
750 2444 877 2501 aliqua
899 2458 952 2487 ex
974 2452 1086 2502 parte
1108 2445 1308 2488 convenit.
1370 2442 1423 2486 ni
1447 2441 1649 2486 Christum

6 2508 22 2575 'i
106 2517 146 2561 in
169 2516 280 2560 coelo
304 2521 501 2562 creatum,
534 2513 699 2568 eiusque
721 2519 897 2555 sanctum
919 2513 1096 2570 spiritum
1122 2514 1329 2556 affirmant.
1389 2511 1502 2554 lllum
1525 2512 1651 2569 ipsum

0 2579 22 2655 ξ’
105 2584 147 2633 i·
171 2585 365 2628 Ademum
388 2595 479 2625 sese
501 2580 693 2623 infudisse
726 2581 871 2637 primo,
915 2595 961 2623 ac
985 2582 1124 2625 deinde
1149 2582 1311 2625 exuisse
1338 2587 1525 2633 narraut3
1572 2587 1651 2623 tum

0 2655 19 2717 F}
104 2652 276 2697 sattim
305 2652 458 2702 denuo,
500 2650 616 2706 idque
649 2650 892 2692 commodum
927 2650 1094 2703 fecisse,
1136 2664 1224 2693 eum
1257 2650 1296 2692 in
1327 2658 1455 2692 terras
1486 2662 1652 2706 corpore

2 2718 24 2788 ἱ
108 2722 367 2766 otmarum»
389 2718 563 2762 advenit.
624 2717 687 2759 Ae
707 2717 800 2760 licet
822 2718 951 2760 ludaei
973 2718 1075 2770 sint,
1119 2718 1368 2775 evangelium
1401 2717 1653 2759 nihilominus

2 2798 19 2847 ᾖ.
108 2789 306 2834 adltibent.
366 2785 556 2831 Carnium
581 2800 691 2829 esum
718 2786 986 2838 detestantur,
1028 2800 1167 2843 aquam
1194 2800 1263 2843 pro
1289 2786 1363 2828 deo
1385 2792 1651 2839 venerantum,

5 2851 23 2935 ἑ
112 2855 310 2902 Christum
344 2857 383 2899 in
415 2870 488 2899 suo
513 2855 602 2907 illo,
647 2853 701 2895 uti
727 2854 920 2909 diximus,
967 2855 1136 2897 adventu
1169 2854 1364 2897 hominem
1397 2854 1571 2898 induisse
1596 2855 1654 2897 di-

12 2937 32 2986 ἦ,
112 2933 221 2972 cunt.
280 2923 460 2981 Denique
485 2923 596 2980 aquis
619 2937 663 2966 se
691 2921 901 2966 identidem
923 2930 999 2966 tam
1029 2923 1168 2981 hyeme
1193 2936 1306 2980 quam
1330 2929 1479 2966 aestate
1501 2923 1650 2977 lavant,

163 3084 215 3121 ¹6.
238 3083 303 3130 γὰρ
326 3086 448 3119 uncinis
466 3086 587 3118 notavit
609 3085 765 3117 Petuntur.

184 3141 303 3179 corpus
321 3138 500 3169 unet-aeci.
511 3137 549 3166 u.
562 3138 589 3166 8.
1332 3144 1387 3187 36
