2020 3276
352 252 535 288 nmnn
560 251 644 285 mn.
668 250 724 284 ιιι.
757 249 867 284 rom.
891 250 931 282 n.
964 248 1117 282 expos.
1141 248 1226 281 rm.
1250 245 1439 281 camon.
1586 231 1661 278 491

124 332 265 391 mlbu
297 333 467 391 prudens
498 331 587 374 illud
621 330 785 386 quisque
822 328 934 370 l'acile
970 336 1098 384 potest
1124 328 1437 369 animadvertere
1469 334 1510 368 et
1538 339 1590 367 ex
1621 338 1668 367 ea

123 401 354 459 quaestione
371 400 561 452 indicare,
594 405 746 455 tempus
767 411 884 439 omne
902 396 941 438 in
962 395 1084 438 LXll
1105 396 1383 452 generationes
1403 395 1450 437 ad
1470 392 1670 437 Christum

122 470 250 527 inque
269 469 470 512 redactum
498 467 642 520 fuisse,
687 474 892 523 propterea
921 465 1021 521 quod
1045 465 1229 520 deinceps
1254 470 1339 520 post
1363 461 1587 514 Christum,
1630 469 1674 504 ut

123 549 178 582 u
199 536 251 580 iia
274 550 376 594 quae
397 537 590 594 disputata
612 542 704 577 sunt
730 541 915 591 apparet,
955 532 1087 575 mundi
1109 539 1285 588 tempora
1312 546 1389 574 non
1413 532 1578 588 amplius
1604 544 1674 586 per

123 605 379 664 genealogias
410 605 561 660 digesta
587 611 694 646 sunt.
755 602 834 659 Qui
860 602 1014 658 quidem
1038 601 1204 643 mundus
1227 601 1266 642 in
1291 614 1367 642 una
1388 601 1454 642 illa
1480 613 1670 642 annorum

124 673 359 717 adlectione
385 673 666 730 perfectionem
690 672 852 727 adeptus
873 677 951 723 est,
983 683 1098 726 quam
1122 668 1373 711 immutabilis
1394 683 1439 710 ac
1463 668 1587 710 solida
1611 667 1672 709 dei

123 743 308 786 voluntas
326 741 563 798 obsignavit.
618 738 753 796 Quare
773 739 822 781 ab
843 739 914 781 hac
936 739 1070 780 eadem
1093 738 1254 794 abrupta
1278 738 1564 793 terminataque
1585 749 1675 778 sae-

124 811 206 855 culi
222 810 534 861 consummatio,
567 815 607 851 et
628 810 675 851 ad
697 821 838 850 aevum
866 808 1036 849 futurum
1060 813 1102 848 ut
1125 805 1334 862 impleatur
1358 806 1549 847 traducta.
1611 803 1675 848 Ob

124 880 169 923 il
185 879 349 931 dieitur,
386 881 467 920 Una
489 886 550 919 est
568 878 738 918 columba
761 891 862 925 mea,
893 877 1065 930 per-secta
1086 889 1190 924 mea,·
1232 874 1343 930 quasi
1370 873 1410 915 in
1437 874 1559 930 ipsam
1589 873 1674 915 uni-

122 959 241 992 versa
261 947 465 998 desinant,
499 953 674 1003 tempora
696 945 902 996 videlicet,
947 943 1039 985 anni
1059 957 1105 985 ac
1129 942 1427 998 generationum
1449 941 1672 994 intervalla,

123 1012 212 1060 aive
247 1029 318 1073 per
346 1029 463 1072 reges
478 1046 489 1065 ‚
532 1015 617 1058 sive
641 1027 711 1071 per
734 1013 941 1065 consules,
985 1012 1071 1055 sive
1094 1025 1165 1069 per
1188 1009 1442 1068 Olympiadas
1465 1017 1532 1052 aut
1555 1010 1675 1066 magi·
1697 1020 1865 1055 cutes.

124 1087 274 1128 stratus
292 1091 511 1141 temporum
534 1083 657 1140 spatia
688 1089 959 1124 numerentur.
1022 1078 1237 1137 Octoginta
1260 1093 1378 1136 porro
1401 1078 1561 1136 pellices
1586 1085 1676 1120 sunt

123 1150 232 1196 inter
250 1153 411 1209 reginas
431 1152 684 1203 interiectae,
717 1151 834 1193 etiam
861 1148 1035 1201 Christi,
1069 1163 1143 1206 qua
1169 1148 1285 1190 homo
1306 1155 1390 1198 est,
1422 1161 1546 1203 regno
1573 1147 1676 1201 prio·

123 1234 208 1274 res,
239 1220 316 1264 boe
334 1228 396 1263 est
410 1220 485 1262 lide
507 1220 668 1276 ipsaque
687 1233 832 1276 sponsa
854 1219 1002 1275 pariter
1018 1232 1063 1259 ac
1082 1217 1234 1274 virgine
1250 1225 1290 1259 et
1307 1217 1457 1258 illibata
1478 1215 1673 1267 columba,

125 1303 226 1348 qnae
256 1289 370 1332 unica
401 1289 514 1331 matri
546 1295 608 1331 est
637 1295 755 1344 atque
784 1287 983 1343 genitrici.

238 1354 440 1415 Siquidem
465 1356 632 1399 ecclesia
659 1357 708 1398 ab
730 1370 807 1398 una
832 1355 905 1398 lide
926 1355 1082 1411 genita,
1122 1369 1169 1396 ao
1194 1368 1265 1411 per
1289 1353 1468 1410 spiritum
1499 1360 1675 1395 sanctum
1702 1356 1782 1401 Cap.
1798 1356 1857 1388 vt.

124 1427 165 1470 iu
188 1426 315 1470 lucem
347 1426 476 1478 edita,
519 1425 634 1468 unica
667 1432 730 1467 est
758 1426 824 1467 uni
855 1424 1116 1480 genitricique
1145 1437 1256 1465 suae.
1319 1421 1424 1464 Tum
1448 1435 1544 1464 vero
1566 1429 1679 1478 quot·

124 1509 290 1552 eumque
312 1501 401 1552 post
420 1494 541 1546 illam,
576 1494 748 1535 velante
772 1493 1016 1550 prodierunt,
1050 1492 1209 1549 pellices
1230 1490 1497 1532 nominantur.
1559 1488 1674 1545 Quae

125 1563 259 1607 liceta
283 1570 543 1614 testamento,
585 1570 624 1604 et
659 1562 875 1604 hereditate
914 1576 990 1603 non
1016 1575 1177 1618 prorsus
1204 1559 1356 1602 alienae
1388 1559 1556 1609 fuerint,
1591 1558 1676 1599 uul-

126 1632 202 1675 lam
225 1639 355 1675 tanen
377 1645 400 1673 a
423 1631 545 1673 verbo
573 1631 703 1673 dotem
723 1630 1000 1682 obtinuerunt,
1034 1644 1107 1671 nec
1136 1629 1401 1671 infundentem
1426 1641 1470 1669 sc
1500 1626 1678 1683 spiritum

126 1707 305 1744 sanctum
329 1701 368 1743 in
399 1700 543 1756 seipsis
568 1705 835 1756 exceperunt,
878 1699 947 1741 sed
972 1698 1095 1740 solam
1117 1712 1204 1740 cum
1225 1697 1348 1739 verbo
1371 1696 1411 1739 in
1435 1695 1678 1738 conscientia

125 1781 199 1812 sta
221 1769 551 1812 necessitudinem
582 1767 817 1810 babuerunt.
879 1766 1091 1809 Praeclare
1118 1766 1220 1808 enim
1243 1765 1343 1822 apud
1373 1763 1578 1806 Hebraeos
1596 1766 1679 1818 pel-

127 1839 213 1879 Het's
243 1837 452 1895 appellatio
484 1837 727 1893 concipitur,
771 1850 858 1878 cum
890 1838 1178 1889 Phelegesestlea
1209 1834 1366 1876 dicitur.
1442 1832 1517 1875 Est
1547 1840 1675 1875 autem

125 1906 268 1959 factug
293 1905 415 1948 latine
441 1907 656 1955 dt‘rnz‘tliamf
698 1907 806 1946 estha
828 1904 1031 1947 mulierem
1062 1903 1280 1960 significat,
1326 1910 1368 1944 ut
1397 1903 1500 1944 idem
1524 1902 1574 1943 sit
1599 1902 1681 1958 pel-

127 1972 219 2025 lex,
250 1986 298 2016 ae
318 1973 516 2016 dimidiata
538 1973 693 2016 mulier.
753 1972 859 2015 Nam
883 1973 984 2029 quod
1012 1973 1059 2014 ad
1081 1973 1278 2014 dominum
1304 1978 1479 2028 spectat,
1522 1970 1682 2012 univer-

127 2054 196 2084 sos
217 2041 282 2084 ille
301 2040 462 2083 liberam
484 2041 531 2083 ad
553 2042 678 2085 lucem
701 2041 883 2093 vocavit,
917 2041 975 2083 his
997 2041 1155 2092 verbis,
1196 2044 1292 2081 Dum
1325 2043 1443 2081 lucem
1467 2041 1613 2080 habetis
1643 2042 1681 2080 ιἰι
1728 2049 1824 2113 tom-33

129 2111 255 2159 nobis,
288 2110 490 2151 ambulate.
553 2107 630 2152 Cui
655 2110 913 2167 adstipulatur
931 2110 1159 2167 apostolus,
1195 2113 1289 2158 Vos,
1323 2109 1463 2164 inquit,
1495 2111 1575 2149 ἀίει
1592 2112 1682 2149 estis
1708 2120 1731 2148 1.
1729 2083 1853 2189 Ιὲιιὲιὶ.

117 2180 226 2231 filii,
257 2186 297 2220 et
318 2180 416 2219 lucin
432 2179 532 2231 filii.
596 2175 693 2219 ltem
720 2178 827 2220 alio
818 2193 856 2220 ιιι
879 2178 1098 2234 scripturae
1120 2178 1230 2229 loco,
1263 2181 1341 2230 Qut
1355 2179 1452 2218 male
1471 2180 1733 2230 agit,od1·011
1735 2174 1793 2216 ιιίιι
1775 2186 1835 2221 ...a
1842 2185 1888 2213 aa.

129 2250 262 2296 lucem,
295 2261 365 2288 nee
383 2248 535 2287 aceodnt
554 2249 607 2286 ad
627 2248 760 2287 lucem.
825 2244 893 2288 Sic
911 2246 1031 2302 igitur
1051 2247 1211 2303 pellices
1239 2260 1316 2288 non
1339 2247 1464 2302 palam
1488 2246 1682 2302 perfecte-

129 2329 230 2373 que,
263 2329 336 2358 nec
361 2315 518 2357 dotatae
540 2314 734 2356 ducuntur
757 2327 778 2355 a
807 2314 929 2366 viris,
961 2328 1006 2356 ac
1033 2315 1188 2356 tametsi
1213 2315 1438 2356 nonnullam
1464 2328 1551 2355 cum
1576 2313 1682 2354 viro-

129 2397 214 2427 rum
234 2383 465 2441 corporibus
495 2382 826 2424 necessitudinem
852 2383 1111 2433 contrahant,
1156 2382 1302 2424 liberae
1330 2381 1582 2424 nihilominus
1612 2381 1682 2423 ho-

129 2466 227 2495 nore
251 2452 431 2507 coniugis
453 2458 493 2492 et
515 2450 804 2507 appellatione,
835 2463 882 2491 ac
906 2450 1114 2502 firmitate,
1147 2451 1262 2502 dote,
1307 2450 1544 2507 nuptialibus
1568 2450 1681 2492 donis

130 2534 176 2564 ae
195 2520 439 2571 muneribus,
472 2519 645 2575 legitima
664 2518 831 2574 denique
854 2518 1130 2560 coniunctione
1153 2526 1304 2561 carent.
1369 2517 1573 2560 Eiusmodi
1591 2524 1684 2559 sunt

129 2589 327 2647 octoginta
348 2588 438 2631 illae
462 2587 688 2643 singillatim
711 2601 734 2628 a
758 2599 821 2627 me
845 2586 1090 2642 percensitae
1114 2587 1315 2629 haereses.
1379 2585 1421 2628 ln
1446 2586 1586 2641 quibus
1613 2586 1682 2627 mi-

129 2670 216 2700 rum
238 2658 330 2700 illud
354 2658 478 2701 videri
504 2656 647 2699 nemini
672 2654 803 2705 debet,
835 2654 867 2696 si
891 2655 930 2695 in
949 2668 1182 2711 unaquaque
1206 2655 1370 2710 regione
1395 2654 1573 2709 singulae
1595 2654 1681 2696 aliis

129 2725 358 2782 quibusdam
385 2726 606 2768 nominibus
641 2723 737 2765 affici
764 2722 934 2765 soleant.
997 2720 1104 2777 Quin
1136 2730 1177 2765 et
1202 2724 1292 2765 illud
1321 2722 1598 2764 observatione
1625 2723 1699 2766 di-.

130 2808 249 2851 gnum
270 2801 356 2845 est,
398 2807 684 2851 saepenumero
709 2791 919 2847 quamlibet
943 2804 1012 2845 per
1035 2804 1126 2833 sese
1158 2790 1339 2833 haeresin
1368 2790 1533 2832 scissam
1558 2804 1604 2833 ac
1624 2791 1681 2833 di-

130 2861 256 2904 visam
282 2862 412 2905 varias
435 2863 473 2904 in
493 2870 627 2918 partes
652 2868 692 2902 et
714 2859 904 2902 vocabula
927 2858 1105 2900 distrahi.
1167 2857 1304 2913 Quod,
1349 2865 1390 2900 ut
1411 2858 1516 2910 dixi,
1558 2859 1681 2901 admi·

132 2930 210 2973 rari
244 2944 323 2972 non
354 2938 534 2987 oportet3
579 2944 626 2972 ec
657 2930 770 2986 plane
797 2928 850 2969 ita
875 2941 966 2969 sese
997 2941 1060 2968 res
1085 2926 1216 2969 habet.
1278 2925 1467 2969 Ceterum
1490 2925 1679 2969 Lxxxt

132 3044 215 3085 dite,
250 3047 285 3076 ut
315 3045 409 3085 solet,
444 3047 644 3085 exponentem
671 3045 703 3075 V.
732 3044 776 3076 ct.
802 3044 884 3076 Hm
930 3043 1028 3075 Bonn-
1043 3066 1053 3082 ,
1090 3043 1144 3075 ubt
1166 3043 1260 3075 etium
1286 3042 1367 3076 hunc
1387 3043 1494 3077 citavit
1517 3044 1675 3086 Eptphcm·

137 3090 169 3122 in
193 3090 303 3124 Leone
329 3090 416 3125 Diac-
440 3091 517 3125 ntae.
549 3099 625 3133 paq.
643 3087 711 3125 430
733 3098 776 3131 sq.
791 3113 801 3129 ‚
834 3089 882 3122 ed.
930 3089 1039 3121 locum.
