2020 3276
644 260 1077 295 fflAcssrfflLmosm.
1556 255 1639 296 547

89 339 374 383 ub-‘divisione
417 339 653 396 linguarum.
726 338 874 382 Postea
919 355 1015 383 vcro
1061 341 1348 384 recentioribus
1401 342 1641 399 temporibus

92 405 252 453 Genea
271 409 501 465 superstitio
524 415 655 451 certas
677 407 718 449 in
741 408 927 450 haereses
954 424 1001 451 ac
1026 418 1157 452 sectas
1183 410 1302 463 abiit,
1334 418 1469 467 utputa
1495 409 1643 468 Pytha-

87 479 331 534 goreorum,
363 474 613 529 Stoicorum,
645 475 964 530 Platonicorum,
1007 477 1317 534 Epicureorum,
1350 487 1429 521 etc.
1490 478 1642 521 Eodem

92 558 216 603 parm
233 552 411 602 tempore
435 545 594 602 propria
615 545 743 588 forma
766 560 812 588 ac
841 552 933 587 nota
957 560 1076 588 verae
1101 548 1256 602 pietatis
1279 555 1319 589 et
1343 547 1547 603 religionis
1571 562 1644 590 ex-

92 613 196 665 titit,
226 627 305 657 una
322 628 411 656 cum
434 614 522 669 lege
542 621 727 665 naturae,
761 628 862 670 quae
883 614 932 656 ab
954 615 1108 670 origine
1132 616 1263 657 mnndi
1289 630 1379 657 sese
1408 616 1458 657 ab
1475 616 1552 658 illis
1575 630 1644 658 na-

92 681 268 727 ssuuibm
291 690 482 739 perpetuo
501 683 749 738 segregavit,
792 683 840 724 ad
865 682 965 725 hanc
999 697 1123 739 nsque
1149 684 1249 725 diem
1279 684 1383 726 inter
1410 683 1643 738 Bai-baram,

92 746 324 808 Soytbicam
350 749 623 806 Graecamque
647 751 967 808 superstitionem
991 752 1220 803 interiecta,
1254 753 1380 794 donec
1404 767 1490 795 cum
1514 754 1646 796 Abra-

91 817 172 863 ‘ui
204 818 350 876 pictate
373 819 532 861 coaluit.
596 818 700 862 Tum
736 833 836 862 vero
859 818 1079 862 Iudaismus
1110 821 1159 862 ab
1187 821 1375 863 Abraami
1406 822 1645 878 temporibus

91 887 291 944 ‚coprit-
324 888 489 930 formam
523 887 710 944 adeptus,
752 902 798 930 ac
831 902 902 944 per
926 886 1098 945 Moysen
1125 889 1173 931 ab
1204 890 1405 932 Abraamo
1437 891 1644 946 septimum

92 969 144 999 oc
163 956 292 1012 legen
309 969 334 998 a
352 956 428 998 deo
451 956 633 998 traditam
655 956 939 1013 amplificatus,
980 964 1022 999 et
1044 957 1092 999 ab
1116 956 1211 1000 luda
1232 966 1371 1014 quarto
1390 958 1522 1000 lacobi
1548 959 1643 1011 filio,

94 1025 163 1082 qui
180 1023 369 1069 affl-net
389 1025 611 1067 nominatus
638 1031 724 1077 cst,
768 1039 839 1081 per
859 1023 1074 1078 Davidem,
1118 1027 1183 1082 qui
1208 1027 1356 1083 primus
1379 1041 1400 1069 e
1427 1028 1529 1070 tribu
1552 1026 1646 1069 luda

94 1106 262 1150 mgnum
290 1099 498 1136 assectuus
521 1099 605 1144 est,
648 1095 865 1149 perfectum
887 1093 1074 1137 Iudaismi
1099 1109 1241 1138 nomen
1270 1095 1454 1138 obtinuit.
1516 1094 1646 1139 Grae-

95 1175 232 1205 corum
263 1175 383 1218 porro
413 1162 488 1204 ista
519 1168 613 1204 suut
640 1161 880 1205 discrimina.

163 1259 165 1266 .
186 1227 473 1287 -Pytbagorei,
505 1230 591 1272 sive
618 1228 900 1288 Periparetici‚
933 1232 1139 1274 monadem
1163 1238 1204 1273 et
1226 1233 1512 1288 providentiam
1537 1247 1647 1276 asse-

95 1305 291 1351 ruerunt,
320 1299 396 1341 diis
419 1298 644 1341 sacrificare
660 1329 671 1349 ,
704 1300 886 1342 animatis
911 1300 1043 1352 vesci,
1077 1314 1124 1342 ac
1146 1300 1238 1342 vino
1264 1302 1318 1343 uti
1345 1290 1644 1358 prohibuerunt.

2 1395 5 1397 -
94 1364 225 1411 lide-
246 1380 347 1423 quae
367 1365 417 1408 ab
440 1367 530 1409 luna
550 1381 706 1410 sursum
732 1375 886 1423 patent,
919 1368 1169 1421 immortalia,
1201 1384 1300 1425 quae
1324 1370 1517 1413 inferiora
1536 1378 1644 1423 sunt,

98 1435 278 1479 uratia
298 1435 496 1478 dicebant.
557 1436 723 1478 Animas
747 1451 770 1478 e
790 1437 1022 1493 corporibus
1041 1438 1080 1479 in
1101 1438 1177 1480 alia
1200 1453 1390 1494 corpora,
1424 1439 1541 1481 etiam
1564 1440 1649 1481 aui-

99 1503 259 1548 mli-
279 1517 327 1547 ac
348 1503 563 1547 bestiarum
586 1506 822 1548 transfundi.
884 1505 1035 1549 florum
1058 1507 1246 1562 magister
1265 1506 1511 1564 Pythagoras
1528 1508 1650 1550 silen-

96 1571 321 1629 &trigidu-
350 1572 587 1615 observator
616 1573 732 1615 deum
762 1574 897 1616 baberi
929 1588 974 1617 se
1005 1575 1147 1617 voluit.

211 1706 407 1753 Platonici
430 1710 544 1752 deum
569 1716 610 1752 et
633 1711 835 1753 materiem
861 1726 908 1754 ac
935 1713 1096 1754 formam
1123 1712 1432 1766 constituerunt,
1465 1714 1649 1756 mundum

100 1777 275 1833 wit-m
296 1791 346 1821 ac
365 1778 609 1835 corruptioni
634 1778 873 1831 obnoxium,
905 1780 1072 1822 animam
1095 1780 1307 1836 ingenitam
1330 1789 1372 1824 et
1392 1782 1650 1824 immortalem

103 1858 152 1888 sc
177 1844 348 1888 divinem
380 1845 558 1888 arbitrati
583 1854 687 1889 suut.
753 1847 882 1891 Huius
916 1856 997 1891 tres
1033 1863 1123 1891 esse
1154 1857 1308 1906 partes,
1354 1865 1471 1892 unam
1496 1851 1651 1893 ratione

103 1913 341 1970 prndium,
394 1915 556 1958 alteram
599 1930 675 1971 qua
718 1916 947 1969 irascimur,
1004 1918 1158 1960 tertiam
1204 1932 1277 1973 qua
1319 1919 1649 1976 concupiscimus.

103 1979 347 2026 (ἶσοι-ηοω
365 1983 547 2026 omuibus
577 1998 727 2027 uxores
749 1999 839 2028 csse
869 1985 1017 2038 voluit,
1059 2000 1175 2028 nemo
1202 1993 1245 2029 ut
1267 1987 1457 2043 privatam
1488 1988 1652 2031 baberet

103 2064 152 2094 uc
174 2049 437 2108 praecipuam,
469 2051 537 2094 sed
563 2059 606 2094 ut
622 2052 784 2108 quilibet
799 2068 963 2110 quarum
983 2054 1099 2097 vellet
1122 2056 1273 2111 copiam
1294 2056 1471 2099 baberet.
1527 2055 1650 2099 lidem

103 2118 323 2163 animarum
346 2118 388 2162 iu
410 2119 520 2162 vari·
553 2134 743 2177 corpora,
788 2123 905 2165 etiam
927 2123 1165 2176 bestiarum,
1207 2125 1396 2168 transitus
1418 2125 1648 2168 affirmabat.

105 2184 218 2230 Deos
247 2186 415 2244 denique
445 2187 667 2244 complures
696 2190 745 2231 ab
776 2204 854 2232 uno
884 2205 974 2234 esse
1005 2193 1229 2248 productos.

221 2253 349 2299 Stoici
381 2269 524 2313 corpus
548 2256 777 2300 universum
809 2272 899 2302 esse
924 2260 1135 2312 deliniunt,
1181 2268 1221 2303 et
1244 2262 1523 2319 aspectabilem
1550 2262 1651 2303 bunc

105 2324 289 2368 nundum
308 2323 423 2366 deum
446 2337 537 2367 esse
555 2330 746 2368 statuunt.
806 2325 998 2370 Nonnulli
1018 2328 1135 2371 etiam
1157 2343 1213 2372 ex
1233 2331 1323 2385 igne
1346 2337 1525 2373 naturam
1548 2330 1652 2371 illius

105 2399 291 2437 ummo
314 2392 543 2435 defendunt.
603 2391 732 2435 Deum
755 2395 894 2451 quippe
929 2403 1097 2439 mentem
1120 2411 1211 2440 esse
1236 2406 1396 2455 putant,
1440 2412 1486 2440 ac
1510 2398 1653 2441 vastis-

106 2461 231 2505 simae
252 2462 372 2504 totius
393 2461 530 2513 molis,
563 2461 664 2503 coeli
690 2469 896 2519 terraeque
928 2463 1134 2518 videlicet,
1167 2467 1353 2509 animam.
1415 2463 1541 2509 Cuius
1564 2479 1653 2508 cor-

108 2542 205 2587 pus,
235 2536 280 2573 ut
306 2529 413 2582 dixi,
446 2536 567 2572 totum
594 2530 668 2571 hoc
691 2531 743 2573 sit
766 2530 1008 2585 uuiversum,
1042 2534 1143 2576 oculi
1170 2548 1267 2577 vero
1292 2534 1447 2588 sidera,
1479 2535 1651 2576 omnium

107 2597 272 2645 interire
300 2611 484 2652 carnem,
533 2605 572 2640 et
601 2599 768 2641 animam
799 2599 838 2641 iu
869 2600 1027 2644 diversa
1065 2603 1234 2645 transire
1265 2617 1432 2659 corpora
1462 2603 1536 2646 sibi
1567 2616 1655 2660 per-

108 2666 291 2712 sudent.

223 2733 409 2791 Epicurei
431 2742 585 2778 atomos
613 2742 652 2777 et
676 2734 875 2778 individua
908 2750 1075 2793 corpora
1098 2738 1291 2781 similibus
1324 2738 1542 2781 constantia
1567 2752 1656 2795 par-

111 2802 239 2857 tibus,
276 2810 318 2846 et
341 2803 514 2856 infinita,
559 2818 690 2846 rerum
713 2804 884 2846 omnium
917 2805 1147 2863 principium
1177 2821 1222 2849 ac
1246 2807 1360 2849 finem
1390 2821 1480 2850 esse
1512 2807 1657 2850 docue-

154 2959 212 2997 ⁴9.
236 2958 308 2998 ἀλλ’
330 2958 455 3004 αὐτοῦς
478 2966 564 2998 eam.
945 2965 998 2998 52.
1035 2966 1123 2999 Libri
1160 2967 1254 3007 vulno
1291 2962 1484 3011 εὖδαίμονα.
1544 2969 1658 3002 Vitium

157 3008 212 3041 50.
235 3008 319 3042 m
342 3009 467 3044 Patavii
502 3011 607 3045 Coton.
627 3013 721 3051 repet.
751 3011 858 3044 vitiose
901 3013 1075 3052 scriptume
1103 3014 1234 3044 correxit
1255 3015 1326 3045 unte
1350 3014 1515 3047 Patavium
1539 3014 1658 3047 Cornu-

116 3048 197 3088 mir'
905 3058 973 3089 rius
996 3058 1028 3089 in
1052 3059 1188 3090 versione
1214 3057 1339 3090 Latina.

160 3066 214 3133 si]
237 3099 295 3134 τοῦ
320 3100 411 3133 coda
435 3109 508 3134 mu.

1295 3162 1347 3204 35
1367 3159 1385 3179 ‘
