2020 3276
392 260 576 295 PANARII
599 261 686 296 Lm.
705 262 765 296 m.
782 262 895 296 τοΜ.
913 262 953 295 ιι.
977 262 1111 297 men.
1128 262 1323 296 Lxxvur.
1536 253 1620 296 437

75 340 155 395 'pu‘
166 334 208 383 ὃ
225 341 432 382 nub'eoen.
494 339 587 397 Quo
606 340 699 383 illud
719 341 1052 398 intelligeremus,
1085 341 1282 384 dominum
1304 341 1454 398 sibiipsi
1477 355 1620 399 corpus

74 420 100 451 ο
120 403 254 451 Uaria
274 407 465 461 finxisse,
506 410 712 453 ecclesiam
746 423 845 452 vero
876 424 931 452 ex
964 410 1050 467 ipso
1086 410 1209 452 latere
1242 410 1348 451 velut
1378 410 1620 453 aedificatam

75 474 222 530 bino,
263 475 328 520 eui
349 475 437 520 eins
460 477 560 521 latus
589 485 653 520 est
674 478 833 535 cuspide
861 478 1077 521 sauciatum
1092 509 1104 528 ‚
1149 477 1198 520 ab
1222 478 1440 534 eodemque
1459 478 1620 535 sangui-

74 543 136 587 ni·
163 550 208 588 ot
233 558 360 602 aquae
388 546 436 588 ad
467 545 655 589 lotionem
685 553 859 590 nostram
890 547 1127 604 profluxisse
1158 545 1363 603 mysteria.

182 680 270 725 Iam
298 695 397 726 vero
426 683 528 740 qnod
557 681 725 726 Mariam
761 681 951 740 losephns
985 683 1223 739 cognovisse
1253 682 1419 734 dicitur,
1461 697 1540 724 non
1570 683 1620 726 ad
1681 691 1762 734 Cap.

71 762 185 793 um
216 749 386 808 aliquem
417 752 596 808 eorporis
624 758 740 808 atque
772 752 942 795 usitatae
972 751 1271 795 consuetudinis
1305 751 1514 794 referenda
1544 751 1619 794 ista
1675 737 1758 770 xx‘

69 818 244 876 cognitio
278 826 355 863 eat.
417 818 498 863 Sed
530 820 619 862 ideo
654 821 864 876 cognovit,
909 821 1012 878 quod
1038 819 1101 864 cui
1133 820 1321 863 divinitus
1340 819 1529 862 bonorem
1553 819 1621 861 ha·

69 885 155 931 bari
179 887 336 930 viderat
366 887 531 930 eandem
561 888 711 931 bonore
735 897 968 945 prosecutus
1001 888 1133 931 fuerit.
1193 886 1338 944 Neque
1373 887 1476 930 enim
1509 895 1618 931 tanto

68 954 175 998 itta-
194 955 403 1014 apbndore
423 970 469 999 ac
491 956 615 1011 gloria
639 957 853 1014 praeditam
876 964 1083 1015 putaverat
1104 957 1231 1000 donec
1251 970 1275 1000 o
1295 956 1460 998 muliere
1481 963 1615 998 natum

70 1022 268 1068 dominun
293 1024 587 1068 animadvertit.
649 1023 764 1082 Quod
788 1033 918 1069 autem
939 1026 1127 1083 scriptum
1149 1032 1234 1078 est,
1277 1028 1493 1079 Antequam
1525 1040 1822 1081 ωη-Μ.ω,,ι,ις,

69 1089 262 1144 nubent,
307 1096 457 1135 tanente
479 1101 540 1134 est
558 1097 597 1135 in
618 1102 725 1136 utero
747 1096 908 1145 habens,
954 1095 1003 1137 ob
1027 1109 1112 1137 eam
1137 1108 1318 1136 caussam
1347 1094 1520 1146 additur,
1567 1108 1617 1136 ne

68 1161 225 1204 illoru-
247 1160 512 1204 invalesceret
537 1161 669 1219 opinio
701 1162 764 1219 qui
799 1163 1083 1206 incarnationis
1114 1162 1344 1219 mysterium
1378 1162 1619 1204 arbitrantur

69 1228 178 1272 virili
201 1243 322 1288 opera
352 1229 654 1287 interventuque
685 1232 918 1287 perfectum.
980 1231 1068 1274 Hoc
1102 1231 1205 1274 enim
1234 1229 1350 1272 dicit:
1395 1230 1618 1287 Antequam

68 1297 182 1340 fieret
202 1297 334 1350 iatud,
367 1299 469 1355 quod
496 1299 666 1341 futurum
692 1300 991 1357 expectabatur,
1023 1300 1179 1342 tametsi
1201 1315 1398 1357 nunquam
1421 1299 1615 1342 extiterit.

66 1363 122 1410 Ut
149 1365 254 1409 enim
276 1365 414 1409 demus
442 1367 559 1420 illud,
607 1366 813 1424 losepbum
850 1368 1067 1411 maritalem
1100 1383 1187 1411 cum
1216 1369 1371 1426 virgine
1402 1368 1618 1425 copulatio-

66 1447 157 1478 ιοιι
177 1447 360 1491 apen-asse
380 1435 502 1491 (quod
531 1435 685 1492 quidem
707 1451 777 1493 pro
802 1437 942 1479 affecta
965 1438 1043 1480 iam
1066 1438 1169 1480 illius
1190 1445 1320 1480 aetate
1344 1437 1428 1479 fleri
1454 1437 1615 1479 minime

66 1505 265 1560 poterat),
314 1510 444 1546 tamen
476 1503 670 1560 scriptura
703 1505 789 1562 ipsa
822 1507 1071 1562 praemunire
1106 1520 1205 1558 nos,
1251 1513 1292 1548 et
1323 1506 1536 1548 admonere
1568 1519 1615 1547 ac

65 1569 264 1617 uatium
280 1571 435 1622 esscere
456 1572 594 1614 voluit.
657 1571 859 1630 Siquidem
884 1574 948 1616 vel
971 1574 1045 1616 hoc
1072 1574 1196 1631 ipsum
1224 1575 1325 1630 quod
1352 1581 1444 1616 tunc
1467 1581 1617 1630 tempo-

245 1646 360 1694 atur,
405 1639 583 1693 divinus,
627 1641 808 1698 inquam,
849 1643 914 1684 ille
942 1651 1075 1699 partus
1099 1643 1252 1685 abunde
1282 1627 1521 1700 persuadere
1546 1657 1615 1699 po-

190 1707 197 1710 *
261 1707 451 1751 tissimam
473 1709 666 1766 virginem
692 1710 836 1752 nullius
857 1718 994 1768 postea
1028 1711 1104 1753 viri
1137 1711 1460 1754 consuetudinem
1491 1710 1614 1752 admi-

230 1777 553 1835 quemadmodum
576 1779 742 1834 angelus
773 1777 942 1836 losepbo
969 1780 1016 1822 de
1038 1780 1142 1822 illius
1169 1794 1283 1836 quam
1313 1779 1445 1821 animo
1469 1793 1612 1822 conce·

64 1852 176 1904 perot
195 1843 391 1903 opinionis
426 1845 596 1889 falsitate
624 1848 837 1903 persuasit.
897 1846 1004 1891 Nam
1028 1849 1298 1905 superioribus
1325 1848 1432 1890 hisce
1459 1848 1610 1901 verbis,

63 1917 277 1970 Antequia
295 1920 555 1965 convene-ent,
589 1915 730 1972 quibus
751 1930 817 1959 res
836 1917 876 1959 in
897 1918 1173 1974 expectatione
1198 1917 1347 1974 posita,
1381 1931 1459 1958 non
1481 1924 1609 1972 gesta,

64 1982 308 2036 dedantur,
351 1983 587 2027 simillimum
611 1991 673 2027 est
693 1985 795 2041 quod
819 1986 1020 2042 sequitur,
1067 1989 1157 2027 Cum
1183 1993 1284 2026 essee
1302 1988 1447 2034 iustus,
1491 1987 1615 2026 noluit

64 2052 168 2092 iua-
202 2054 424 2101 Μάκαι,
466 2055 534 2093 aed
564 2055 709 2094 occulte
740 2056 941 2095 dimittere.
1017 2051 1143 2109 Quasi
1182 2054 1304 2095 malus
1340 2054 1414 2095 iam
1450 2053 1499 2095 ob
1532 2060 1612 2095 tra-

64 2118 287 2162 ductionem
313 2119 418 2163 illam
441 2126 572 2172 esset,
615 2135 701 2163 eum
735 2136 813 2164 non
847 2123 966 2164 fuerit
998 2129 1144 2165 tamen.
1204 2120 1376 2164 Perinde
1399 2130 1516 2178 atque
1541 2136 1611 2164 an-

62 2187 177 2244 gelus
206 2187 322 2231 docet
345 2187 395 2233 iis
416 2187 571 2230 verbis:
616 2191 712 2230 Noli
731 2193 861 2231 ttinere
879 2195 1051 2245 accipere
1071 2194 1235 2232 Martum
1261 2194 1456 2244 coniugem
1481 2199 1582 2231 tuam
1594 2209 1608 2240 ‚-

64 2268 164 2313 quae
196 2257 365 2299 nondum
402 2255 548 2298 coniux
582 2263 712 2308 esset,
758 2271 872 2313 quam
898 2265 939 2301 tu
960 2258 1128 2301 violatae
1153 2259 1359 2316 pudicitiae
1387 2266 1609 2315 suspectam

62 2323 209 2377 babes,
250 2324 343 2367 lieet
371 2324 459 2367 talis
486 2324 644 2366 minime
667 2324 715 2367 sit
741 2325 894 2381 qualem
920 2327 1149 2380 arbitraris,
1181 2336 1257 2369 etc.
1319 2325 1423 2369 Nam
1445 2326 1610 2368 subinde

16 2437 18 2441 ,
62 2390 104 2435 in
126 2393 460 2450 consequentibus
482 2393 610 2445 addit,
644 2395 752 2445 Quod
770 2397 867 2435 enim
886 2403 1015 2436 natum
1038 2403 1096 2436 ese
1116 2399 1155 2436 in
1176 2398 1278 2449 ipsa,
1313 2395 1420 2450 quasi
1445 2395 1521 2436 iam
1546 2408 1610 2436 es-

63 2467 126 2503 tet
145 2467 295 2504 natum.
361 2458 459 2503 lllud
484 2474 604 2514 vero,
646 2463 777 2502 Ponet
790 2463 936 2514 filium,
978 2463 1027 2505 ad
1053 2464 1222 2505 futurum
1245 2470 1396 2520 tempus
1420 2464 1607 2504 refertur.

64 2526 123 2571 lta
143 2528 247 2572 euim
270 2541 316 2571 ae
339 2543 406 2572 res
429 2529 619 2581 babebat3
652 2529 720 2571 sed
742 2530 789 2571 ad
813 2529 925 2572 fldem
946 2530 1216 2574 stabiliendam
1239 2531 1345 2587 prius
1372 2531 1436 2573 illa
1458 2530 1607 2572 denun-

0 2626 2 2634 >
62 2595 175 2640 tiatio
206 2596 308 2640 lacta
339 2605 425 2650 est,
469 2596 686 2639 cuiusmodi
712 2604 752 2639 et
776 2597 842 2639 illa
874 2598 993 2640 verba
1025 2606 1141 2642 auntz
1184 2602 1408 2653 Priusquam
1435 2602 1608 2639 conveni·

62 2671 160 2707 mt-
221 2661 298 2708 Ubi
319 2666 498 2709 sufficere
533 2665 646 2708 nobis
671 2665 787 2708 debet
812 2679 1007 2722 nunquam
1028 2666 1131 2709 istud
1154 2666 1312 2710 omuino
1334 2680 1424 2709 esse
1446 2667 1605 2718 factum,

0 2747 4 2787 g
63 2734 190 2775 oenoe
205 2737 355 2788 peperit
370 2736 502 2789 filium
532 2749 640 2775 suum
665 2737 982 2787 ρνῠηοὸειηῖιιηις
1028 2735 1129 2791 quod
1154 2736 1320 2778 eundem
1354 2748 1513 2777 sensum
1537 2735 1605 2777 ba-

63 2798 153 2853 bet,
194 2808 233 2843 et
260 2802 309 2844 ad
332 2802 597 2845 admirabilem
627 2803 674 2844 de
700 2802 852 2857 virgine
877 2802 1141 2858 cognitionem
1171 2804 1367 2855 refertur,
1406 2802 1469 2845 cui
1500 2817 1606 2846 sum-

0 2883 2 2885 *
64 2881 150 2911 uua
181 2868 308 2912 bonor
337 2884 358 2911 a
389 2871 464 2913 deo
494 2871 746 2913 tribueretur.

177 2934 324 2980 Verum
357 2951 406 2981 ue
435 2939 523 2996 quis
552 2953 604 2982 ex
628 2953 677 2982 eo
701 2939 803 2995 quod
834 2938 1024 2995 scriptum
1060 2946 1146 2992 est,
1190 2943 1403 2994 Antequam
1434 2943 1606 2982 eonvem‘-
1663 2961 1744 3006 ⁰⁸3³·

63 3051 213 3084 maeno
230 3050 418 3096 γεγένηται.
464 3054 512 3087 ltu
527 3055 622 3086 etium
640 3055 812 3086 Carnarius
857 3052 1131 3097 primogenitum.
1168 3052 1286 3087 eodem
1309 3053 1412 3089 modo
1435 3053 1604 3101 interpre-
1646 3007 1746 3042 XXL

63 3097 154 3129 verm
188 3097 249 3137 Et,
286 3098 399 3131 Donec
429 3098 558 3144 peperit
590 3098 692 3132 filium
722 3109 816 3132 suum
862 3098 925 3132 tari
949 3098 1071 3141 debeo,
1096 3106 1234 3144 propter
1256 3103 1322 3133 cett.
