2020 3276
429 213 614 248 ramni!
640 212 727 246 un.
744 212 805 246 m.
829 211 941 246 rom.
962 212 989 244 1.
1014 209 1149 244 naun.
1171 208 1336 242 mcxvi.
1582 196 1665 239 205

107 306 181 339 axa
198 300 338 352 patro,
358 324 362 329 -
383 294 582 351 perfectus
623 306 676 335 ex
706 292 909 348 perfeeto,
957 292 1156 347 perfectus
1198 288 1333 330 itidem
1376 285 1538 344 spiritns
1578 297 1668 327 san-

108 370 200 407 UU
227 370 305 406 0⁸2.

116 462 124 466 -
174 463 178 465 -
221 428 337 488 Quae
365 444 455 474 enm
483 429 536 472 ita
570 430 673 482 sint,
715 428 867 471 dnobus
896 427 1072 469 tribusve
1101 425 1338 468 testimoniis
1368 425 1521 467 issoi-nm
1553 422 1662 465 dete·
1685 426 1870 472 Cap.v111.

107 499 264 558 pua-a
285 513 403 544 error
423 506 500 542 eat.
561 497 665 540 Nam
687 497 722 539 si
746 497 919 553 genitum
950 495 999 537 ab
1022 495 1090 536 ino
1113 495 1230 536 titium
1267 493 1427 535 omnino
1458 493 1666 542 fateamur,

108 569 277 612 mda-
305 574 346 612 et
369 566 541 625 genitori
576 566 742 609 similem
777 564 1006 608 necessario
1037 563 1258 605 fatebimur.
1319 561 1577 617 Perspicuum
1600 573 1669 601 an·

108 642 190 681 t·
210 643 299 690 nat,
329 651 419 680 enm
450 635 574 678 verbo
596 642 714 676 tenus
743 633 918 690 genitum
953 646 1045 674 esse
1080 632 1184 673 dicat
1216 630 1360 681 fitium,
1401 629 1532 685 reipsa
1555 640 1668 670 crea-

109 712 238 749 tura·
264 704 499 748 existimare
523 716 569 746 ac
596 703 786 754 credere,
819 702 871 743 ita
897 708 939 743 nt
958 701 1043 743 sola
1066 699 1128 741 dei
1152 699 1277 755 gratia
1302 698 1403 740 fitius
1426 697 1667 753 appelletur3

110 787 225 833 μ’
243 781 308 817 eat
339 772 570 816 coelestium
606 771 774 814 finitoris
802 770 930 822 itlius,
974 777 1015 811 et
1042 783 1180 811 eorum
1206 781 1307 823 quae
1335 766 1453 808 dividi
1476 779 1554 806 non
1579 778 1670 821 pos-

110 850 207 887 unt
238 841 450 894 divi-oris,
497 848 538 883 et
572 847 731 883 nostrae
769 853 841 896 per
875 836 1077 881 Christum
1110 836 1250 879 salutis
1284 833 1479 877 mensoris
1520 833 1667 888 opinio.

110 908 264 955 Vern-
286 910 459 954 omnium
479 909 646 952 istorum
680 908 808 950 oratio
836 907 950 949 facile
982 906 1188 957 concidet,
1231 904 1296 960 qui
1327 919 1397 961 pro
1420 909 1602 945 creatura
1623 902 1670 943 it-

112 979 192 1024 lnni
214 979 329 1023 nobis
350 978 588 1030 obtrudunt,
621 985 738 1033 atque
761 977 799 1018 in
825 976 958 1033 primis
978 974 1166 1017 baeretici
1189 973 1326 1026 huius,
1359 985 1472 1028 quem
1499 971 1559 1012 bis
1579 984 1671 1012 ver-

114 1047 338 1093 bis-crito
362 1046 474 1090 atari
494 1060 612 1103 posse
637 1045 731 1088 mibi
754 1045 908 1087 videor.
967 1042 1045 1086 Dic
1070 1043 1187 1094 mihi,
1227 1055 1401 1098 quaeso,
1446 1040 1536 1096 quid
1560 1039 1607 1080 de
1629 1039 1671 1080 fi-

115 1115 173 1160 tio
192 1115 445 1167 dai-aentiaa,
476 1122 518 1156 et
539 1121 756 1157 utrumnam
774 1120 994 1155 ereaturam
1017 1127 1067 1154 an
1092 1113 1239 1154 t'oetnm
1260 1110 1310 1152 ab
1331 1111 1468 1152 eodem
1495 1108 1671 1164 genitum

118 1183 342 1229 arbitrere?
397 1181 503 1225 Nam
529 1183 562 1224 si
583 1189 804 1225 creaturam
826 1195 917 1224 esse
937 1188 1112 1231 statuas,
1154 1179 1292 1222 desine
1318 1179 1428 1221 virus
1447 1177 1541 1220 iilud
1565 1185 1672 1219 tunm

120 1251 261 1296 attia·
288 1250 599 1295 dissimulatione
631 1258 789 1306 tegere,
835 1257 876 1292 et
899 1264 920 1291 a
945 1257 1056 1306 patre
1079 1249 1254 1305 genitum
1286 1247 1394 1290 illum
1425 1261 1525 1289 voce
1559 1253 1674 1288 tenus
1742 1253 1751 1267 ⁸

117 1319 389 1380 pronuntiare.
451 1317 609 1361 Etenim
644 1319 824 1376 quicquid
853 1325 1027 1360 creatum
1053 1325 1139 1370 est,
1184 1317 1358 1373 genitum
1389 1329 1478 1358 esse
1498 1329 1578 1357 non
1603 1329 1673 1371 po-

117 1396 221 1442 teat,
262 1396 306 1431 et
327 1387 362 1431 ai
388 1386 563 1443 genitum
593 1395 676 1441 est,
710 1394 885 1430 creatum
908 1401 985 1429 non
1008 1394 1084 1429 est.
1145 1383 1411 1440 Quamobrem
1432 1385 1605 1441 genitum
1627 1384 1673 1426 it·

115 1457 197 1502 ln·
217 1457 341 1517 verbo
371 1458 578 1501 nominare
608 1456 761 1499 desine.
822 1455 916 1498 Non
941 1455 1044 1498 enim
1077 1455 1192 1497 decet
1222 1461 1263 1496 te
1290 1454 1351 1496 vei
1375 1454 1462 1510 ipso
1487 1467 1673 1496 sermone

115 1524 300 1572 varicatis
323 1540 444 1569 voees
467 1526 710 1583 exprimere.
772 1523 879 1580 Quin
903 1524 1031 1581 potius
1064 1523 1238 1566 fraudem
1261 1530 1367 1565 tuam
1393 1536 1548 1564 omnem
1569 1522 1674 1563 edis-

117 1608 232 1647 sere,
262 1601 309 1638 nt
325 1595 391 1652 qni
413 1595 470 1638 sis
491 1607 734 1650 cognoscere
757 1594 977 1650 possimus,
1009 1607 1056 1634 ac
1078 1591 1314 1634 malitiosum
1338 1598 1444 1633 tuum
1467 1590 1672 1633 artificium

116 1664 318 1721 effugare,
349 1677 375 1705 ο
398 1669 576 1720 captator
596 1662 839 1714 animarum,
872 1675 1087 1717 eorumque
1109 1675 1209 1717 quos
1228 1660 1356 1716 diligis
1375 1659 1566 1702 insidiose
1588 1672 1675 1700 eor·

117 1732 277 1790 ruptor!
339 1730 421 1776 Sed
450 1732 543 1781 illud
568 1731 639 1773 abs
661 1738 699 1773 te
727 1744 876 1787 quaero
902 1730 1019 1772 fllium
1049 1729 1111 1771 dei
1141 1730 1282 1771 adores
1307 1728 1460 1771 necne?
1518 1727 1672 1779 Adoro,

115 1800 259 1858 {aq-it.
320 1800 410 1858 Aga
446 1801 560 1843 deum
596 1800 763 1852 adoraS,
810 1814 860 1841 an
894 1801 1002 1841 non?
1061 1797 1148 1854 Ego
1178 1811 1298 1848 vero,
1341 1797 1490 1853 inquit,
1533 1798 1671 1839 adoro.

116 1866 198 1913 ubi
215 1868 337 1927 igitur
360 1869 425 1912 iile
449 1869 546 1912 deus
565 1875 651 1919 eat,
695 1882 810 1925 quem
843 1875 884 1909 tu
909 1875 1083 1910 creatum
1107 1866 1426 1922 adorandumque
1445 1865 1676 1923 praedicas?

117 1935 225 1980 Nan!
246 1937 283 1980 ai
306 1951 426 1980 nnn·
447 1937 642 1980 duntaxat
667 1937 856 1979 eotendus
886 1936 1117 1978 adoratione
1146 1936 1243 1977 deus
1268 1942 1359 1984 ajse
1382 1942 1558 1977 creatum
1582 1935 1675 1976 ado·

118 2004 203 2049 rari
233 2005 384 2058 voi-it,
426 2013 557 2048 cetera
590 2019 689 2048 vero
716 2005 845 2047 omnia
872 2004 936 2047 iiie
968 2005 1052 2061 ipse
1078 2004 1141 2060 qni
1164 2003 1338 2046 condidit
1363 2003 1521 2045 adorari
1548 2009 1673 2055 vetat,

120 2081 163 2118 at
182 2087 254 2117 ana
276 2075 436 2118 damnat
463 2073 528 2130 qni
550 2081 704 2117 creatas
725 2087 790 2116 res
810 2073 1041 2115 adoratione
1062 2080 1326 2123 venerantur,
1368 2087 1455 2114 cnm
1478 2073 1531 2114 ita
1562 2085 1676 2128 prae-

119 2142 280 2186 adbit:
322 2145 410 2184 Non
419 2144 548 2196 saeos
569 2143 642 2183 tibi
658 2144 775 2183 ullam
795 2144 1099 2191 militudinem,
1145 2150 1183 2182 el
1201 2142 1379 2182 adorabis
1405 2155 1485 2182 eam
1499 2171 1510 2190 ‚
1555 2155 1674 2195 neque
1695 2151 1880 2186 Rxoama.

120 2213 163 2254 ἡ
185 2213 313 2262 eaelo,
355 2226 475 2266 neque
496 2214 536 2252 in
566 2219 692 2260 tem,
736 2226 856 2265 neque
883 2214 922 2252 in
951 2214 1075 2264 σφώ.
1138 2208 1217 2253 Sed
1249 2217 1288 2251 et
1313 2209 1537 2266 apostolus,
1579 2211 1671 2250 Ser·
1688 2221 1775 2249 κο..
1794 2220 1819 2256 ι,
1836 2219 1880 2249 as.

121 2283 293 2330 σία-1η,
340 2280 466 2336 inquit
479 2311 491 2330 ‚
534 2287 736 2320 ereum
758 2282 888 2333 ροιίω
913 2293 1024 2333 quam
1043 2282 1228 2327 created,
1269 2286 1307 2319 el
1325 2280 1440 2319 stulti
1451 2280 1553 2332 sacti
1568 2285 1672 2319 aunt.

121 2345 286 2405 Quaero
309 2347 430 2405 igitur
451 2362 523 2390 eur
545 2347 701 2389 adorari
733 2347 862 2389 omnia
890 2347 956 2389 illa
987 2346 1217 2404 probibeat?
1273 2345 1381 2389 Num
1411 2347 1507 2388 dens
1540 2359 1676 2401 perso-

122 2429 262 2459 narn-
289 2417 480 2459 rationem
506 2416 647 2458 babet?
706 2413 871 2457 Minime
901 2429 1015 2458 vero.
1077 2413 1212 2471 Quare
1239 2415 1312 2456 hoc
1336 2415 1421 2469 ipso
1449 2415 1549 2470 quod
1575 2428 1675 2456 unns

121 2485 344 2528 adorandus
369 2491 454 2536 eat,
486 2484 602 2526 alium
628 2483 730 2526 bunc
753 2497 776 2526 a
795 2490 1018 2526 creatarum
1036 2497 1166 2525 rerum
1190 2482 1416 2525 conditione
1439 2495 1528 2524 esse
1552 2482 1676 2538 signi-

123 2551 242 2604 }oat5
270 2561 311 2597 et
329 2560 550 2596 creaturam
574 2552 772 2603 vicissim,
815 2565 916 2607 qnae
935 2551 1090 2593 adorari
1115 2551 1366 2608 prohibetur,
1405 2550 1454 2592 ab
1477 2550 1676 2593 adorando

124 2621 283 2665 domino
306 2622 447 2678 deique
468 2620 547 2664 filio
569 2627 609 2662 et
629 2634 650 2662 a
674 2627 782 2676 patre
812 2619 947 2674 genito
971 2619 1184 2662 diversam.
1246 2616 1362 2673 Quod
1393 2619 1497 2660 enim
1521 2618 1570 2661 ab
1590 2619 1676 2676 ipso

124 2689 282 2747 genitu
303 2697 365 2732 eat
392 2690 478 2732 eius
507 2688 646 2731 simitis
675 2687 926 2743 aequatisque
950 2687 1075 2740 fliius,
1115 2687 1205 2730 ideo
1231 2687 1280 2728 ab
1303 2686 1483 2730 omnibus
1509 2688 1676 2730 adoran·

125 2758 198 2801 dna
227 2765 303 2801 eat.
364 2760 436 2799 Per
471 2759 571 2799 hunc
606 2760 728 2797 omnia
751 2758 869 2810 secie,
910 2764 950 2796 et
971 2759 1053 2796 sine
1086 2758 1166 2809 ipso
1188 2757 1341 2810 suetum
1371 2763 1428 2795 est
1455 2758 1565 2797 mlii!-
1632 2753 1674 2799 ln
1694 2769 1797 2800 loun.
1808 2771 1867 2808 1,a.

125 2825 237 2885 ἱροῦ,
269 2826 449 2883 inquam,
490 2839 563 2868 nee
583 2839 661 2867 non
687 2833 727 2866 et
747 2831 885 2866 sancto
909 2837 982 2865 sno
1004 2823 1167 2879 spiritu,
1209 2823 1274 2879 qni
1298 2836 1319 2864 a
1340 2836 1385 2866 se
1406 2825 1604 2880 procedit,
1637 2834 1678 2867 et

126 2893 176 2936 da
202 2893 281 2939 utin
312 2893 476 2950 accipit,
521 2892 694 2936 condidit
722 2906 769 2934 ac
806 2892 973 2934 firmavit
993 2892 1194 2934 universa.
1258 2891 1377 2932 Verbo
1403 2895 1500 2934 emh
1529 2896 1878 2946 dominianus

126 2963 390 3017 “elifii-mata·
407 2970 520 3013 sunt,
554 2970 594 3003 ee
610 2964 750 3016 spiritu
770 2964 849 3001 oria
868 2963 949 3000 eiua
971 2963 1090 3000 omnib
1108 2963 1231 3001 virm
1254 2974 1396 3003 eorum.
1459 2960 1564 3004 Nam
1586 2977 1675 3005 cum

129 3053 299 3086 mmu-
319 3052 467 3098 ipaoram
485 3056 587 3087 vertit.
623 3054 659 3086 In
678 3054 768 3086 eduin
786 3053 880 3093 vulno
902 3055 944 3085 eat
969 3046 1081 3086 αὐτοῦ.
