2020 3276
448 211 630 247 riman
653 211 738 245 ms.
762 210 821 244 nt.
845 211 953 245 τοΜ.
975 211 1001 244 t.
1027 211 1159 245 naen.
1181 210 1325 246 mcxv,
1586 197 1665 240 ¹87

122 292 244 344 thet,
286 291 336 334 de
358 304 437 348 quo
460 290 725 334 testimonium
753 291 845 332 ittud
874 290 1057 347 protulit:
1099 294 1244 332 Pascha
1267 297 1436 331 nostrum
1460 289 1673 330 immolatus
1724 293 1830 356 1302}

121 362 406 410 devm-mus,-
454 359 560 401 iilum
595 360 840 410 intueamur,
883 358 995 401 cuins
1018 359 1092 400 ista
1117 373 1198 401 vox
1223 366 1307 410 est,
1354 365 1572 401 utrumnam
1606 369 1672 398 ce·
1759 349 1769 364 ’

121 422 285 473 tetinffl
305 427 406 484 ipse.
470 426 531 470 De
553 441 601 468 eo
627 442 724 470 vero
746 427 804 469 sie
828 427 1014 484 scriptum
1038 435 1122 469 est=
1163 429 1384 468 Festae‘nabat
1403 435 1448 468 ut
1464 428 1674 468 celebraret
1686 430 1808 466 Aet-²⁰·
1824 430 1866 460 ¹⁸-

122 487 366 541 necue-na
395 498 648 550 lev-osolymis.
713 495 888 552 Ecquam
922 509 1019 538 vero
1045 493 1310 537 Pentecosten
1345 493 1490 538 Paulus
1515 502 1669 551 ageret,

122 562 203 610 nist·
220 563 373 609 Pacta·
398 565 505 622 prius
527 564 719 607 obiisset?
777 563 878 620 Quis
899 571 962 606 est
982 564 1132 621 uspiam
1157 571 1351 605 terrarum
1374 564 1438 620 qui
1460 578 1536 605 non
1561 564 1600 605 in
1624 577 1674 605 eo

122 624 368 684 consentiat,
411 640 615 690 quartam,
655 640 862 675 sextamve
901 633 1034 674 feriam
1068 632 1222 674 solenni
1254 632 1293 674 in
1328 633 1494 674 ecclesia
1527 632 1676 674 ieiunio

121 703 423 746 enumeratum?
481 700 596 757 Quod
631 702 663 743 si
692 715 744 743 ex
770 701 1036 758 apostotorum
1063 700 1343 742 constitutione
1369 701 1580 757 repetenda
1603 714 1674 742 no·

121 766 183 815 Di·
204 770 421 814 auctoritas
442 777 520 821 est,
554 784 626 811 cur
648 770 723 811 ittis
745 777 908 826 quartae
939 776 1158 826 sextaeque
1180 770 1302 811 feriae
1324 769 1508 811 ieiunium
1535 782 1675 826 perpe-

121 846 188 884 tu
219 832 308 896 iege
336 838 536 889 sancitur,
581 845 747 894 excepta
777 836 1043 880 Pentecoste?
1103 836 1187 880 Cur
1209 852 1284 880 sex
1306 837 1512 880 paschatis
1537 837 1675 879 diebus

124 907 218 952 nthtt
238 907 400 951 omuino
421 907 468 948 ad
493 907 621 948 eibum
649 914 806 963 praeter
829 921 990 964 panem,
1033 907 1154 949 satem
1179 914 1217 949 et
1241 921 1380 963 aquam
1414 907 1672 949 adhibendum

123 976 336 1020 definiunt?
392 974 613 1032 Quamnam
644 989 741 1017 vero
764 976 956 1018 celebrari
982 976 1109 1027 diem,
1142 983 1183 1018 et
1212 977 1251 1017 in
1271 976 1531 1018 ititnscentem
1552 975 1676 1017 domi-

123 1044 252 1088 nium
280 1043 478 1086 dimittere
512 1043 776 1100 praecipiant,
819 1044 963 1086 nemini
1000 1058 1091 1086 esse
1125 1052 1254 1101 potest
1291 1045 1517 1086 obscurum.
1595 1043 1676 1086 iam

124 1124 225 1156 vero
258 1111 337 1155 utri
367 1113 524 1154 tandem
552 1112 705 1154 iliorum
733 1113 940 1169 peritiores
969 1115 1088 1156 sunt?
1146 1113 1211 1155 An
1232 1127 1368 1155 errore
1396 1113 1583 1170 deceptus
1608 1113 1678 1154 ho-

125 1181 305 1232 muncio,
346 1179 411 1237 qui
438 1195 543 1222 nunc
579 1182 734 1222 tandem
767 1182 951 1234 emersit,
994 1189 1034 1223 et
1069 1181 1194 1224 adhuc
1220 1182 1334 1224 hodie
1359 1189 1562 1238 superstes
1592 1182 1679 1223 est?

125 1250 192 1292 A·
221 1249 289 1306 qui
313 1257 405 1291 ante
435 1263 509 1290 nos
531 1256 654 1292 testes
680 1249 922 1302 extiterunt,
963 1251 1106 1307 quique
1138 1258 1230 1292 ante
1266 1265 1339 1292 nos
1363 1251 1527 1293 eandem
1557 1250 1678 1292 tradi-

125 1317 271 1360 tionem
296 1316 336 1359 in
360 1317 529 1359 ecclesia
552 1324 786 1368 tenuerunt,
819 1333 932 1374 qnam
960 1325 1000 1360 ct
1019 1319 1091 1375 ipsi
1117 1333 1139 1359 a
1164 1319 1391 1375 parentibus
1409 1320 1491 1361 suis
1515 1333 1679 1376 accepe-

123 1393 237 1438 rant,
277 1393 318 1428 et
337 1386 511 1442 ipsorum
536 1393 720 1442 parentes
744 1401 765 1427 a
794 1387 1008 1429 maioribus
1033 1388 1117 1430 suis
1140 1388 1381 1440 didicerant,
1426 1377 1679 1444 quemadmo-

123 1456 213 1498 dum
233 1455 419 1506 eeclesia,
452 1469 566 1510 quam
589 1469 610 1495 a
633 1454 808 1511 patribus
831 1455 915 1497 suis
937 1457 1086 1512 accepit
1110 1463 1257 1498 rectam
1282 1471 1328 1498 ae
1348 1457 1542 1498 sinceram
1563 1457 1676 1498 fidem

123 1538 211 1566 cum
242 1522 518 1566 traditionibus
553 1524 600 1564 ad
638 1524 739 1565 hunc
779 1523 879 1565 diem
916 1524 1129 1566 observat?
1188 1523 1381 1567 Facessat
1419 1524 1540 1580 igitur
1579 1525 1678 1566 tatsa

122 1591 229 1636 iliius
258 1593 307 1634 de
330 1589 525 1634 Paschate
555 1592 768 1634 sententia.
830 1591 945 1647 Quod
979 1592 1013 1635 si
1038 1594 1085 1634 de
1108 1600 1245 1649 quarta
1271 1601 1438 1636 sextave
1473 1593 1571 1635 ten-ia
1594 1594 1679 1635 nut-

123 1660 199 1704 btn
221 1660 383 1703 omnino
417 1660 456 1702 in
480 1661 762 1719 cottstitutione
787 1675 857 1702 sua
882 1662 1121 1703 mentionem
1144 1662 1310 1718 apostoli
1339 1663 1549 1714 iecissent,
1591 1662 1679 1704 aiiis

125 1736 256 1772 tamen
277 1730 521 1785 argumentis
544 1730 686 1772 licebat
707 1730 778 1771 uti.
841 1727 1086 1785 Quamquam
1110 1744 1155 1771 ea
1177 1731 1224 1772 de
1249 1744 1291 1772 re
1315 1737 1376 1772 est
1397 1731 1445 1772 at>
1466 1730 1542 1772 inis
1563 1745 1678 1772 accu-

123 1797 322 1841 unanime
342 1797 554 1854 scriptum,
595 1798 711 1854 idque
736 1798 861 1854 ipsum
883 1798 931 1839 ab
954 1799 1122 1840 ecclesia
1146 1806 1370 1856 susceptum
1395 1800 1590 1841 communi
1617 1807 1678 1841 est

123 1866 387 1909 consensione
419 1866 636 1917 firmatum,
677 1873 885 1922 antequam
910 1866 1058 1909 Acrius
1081 1867 1181 1910 uitus
1205 1882 1292 1909 cum
1314 1867 1502 1910 Ae’rianis
1525 1869 1679 1910 existe-

122 1941 200 1978 nt.
248 1932 328 1990 Qui
351 1934 443 1976 mihi
463 1942 670 1992 propterea
695 1935 837 1976 merito
858 1935 895 1976 id
919 1935 1088 1978 nominis
1111 1937 1274 1993 adeptus
1295 1936 1466 1978 videtur.
1513 1938 1679 1979 Aet-ium

122 2003 262 2060 quippe
280 2002 457 2060 spiritum
491 2017 543 2045 ex
570 2003 793 2060 impuritate
813 2011 951 2046 nactus
970 2011 1055 2055 est,
1099 2005 1148 2046 de
1167 2005 1235 2047 ἰΙΙο
1256 2005 1452 2047 acriorum
1482 2006 1680 2062 nequitiae

122 2071 327 2129 spirituum
351 2084 495 2127 grege,
528 2072 592 2127 qui
615 2073 654 2113 in
677 2073 761 2127 ipso
781 2072 974 2115 adversus
995 2074 1202 2116 ecclesiam
1224 2073 1461 2116 domicilium
1485 2075 1676 2130 posuerit.

235 2137 352 2195 Quod
378 2153 475 2182 vero
497 2147 650 2196 spectat
672 2140 719 2182 ad
743 2140 858 2183 ritum
884 2141 989 2183 ilium
1011 2155 1089 2197 quo
1119 2148 1361 2184 mortuorum
1395 2142 1551 2184 nomina
1589 2156 1677 2199 pro·
1702 2154 1867 2199 cap.Vtt.

123 2207 379 2260 nuntientur,
410 2208 500 2264 quid
524 2221 573 2250 eo
599 2221 688 2250 esse
710 2216 839 2265 potest
863 2210 1024 2251 utilius?
1063 2210 1153 2266 quid
1178 2211 1456 2267 opportunius,
1491 2218 1557 2253 ant
1582 2225 1680 2253 vero

122 2275 382 2319 admiratione
413 2276 598 2331 dignius?
641 2290 780 2332 nempe
813 2284 855 2319 ut
885 2278 950 2334 qui
983 2278 1127 2320 adsunt
1159 2280 1381 2321 certissime
1413 2280 1486 2321 sibi
1520 2293 1679 2334 persua-

123 2345 241 2387 een-t
269 2351 445 2387 mortuos
477 2343 637 2394 vivere,
674 2345 811 2386 necin
836 2345 995 2388 nihiium
1028 2348 1209 2389 redactos
1243 2361 1357 2399 esse,
1401 2349 1470 2390 sed
1504 2348 1679 2389 existere

122 2412 273 2466 adit-c,
318 2420 436 2469 atque
471 2412 570 2469 apud
601 2413 797 2455 dominum
828 2413 988 2455 vivere:
1035 2422 1115 2456 tnm
1147 2424 1189 2457 ut
1221 2415 1562 2470 reiigiosissimum
1587 2415 1678 2458 ittud

123 2481 263 2538 dogm·
294 2481 566 2538 praedicetur,
610 2495 686 2536 qno
712 2481 776 2536 qui
811 2495 881 2537 pro
914 2482 1098 2525 fratribus
1130 2491 1362 2539 precantur,
1408 2483 1507 2525 bene
1529 2484 1578 2524 de
1602 2483 1680 2525 iilis

122 2559 285 2607 operare
308 2557 487 2602 constat,
531 2550 640 2606 quasi
676 2563 843 2606 peregre
869 2551 1070 2605 prosectis.
1133 2549 1320 2594 Ceterum
1350 2566 1448 2607 quae
1479 2566 1550 2608 pro
1576 2566 1680 2594 mor-

124 2617 204 2660 tui.
235 2618 513 2675 concipiuntur
548 2632 687 2675 preces
718 2618 766 2659 iis
803 2618 918 2659 utiles
947 2627 1066 2669 sunt,
1111 2620 1265 2663 tametsi
1306 2634 1383 2662 non
1424 2634 1562 2662 omncs
1596 2621 1679 2663 cul·

121 2699 192 2743 pus
214 2686 464 2743 extinguant.
527 2685 676 2729 Verum
701 2700 751 2728 ex
778 2700 825 2728 eo
848 2694 1008 2742 prosunt
1030 2690 1130 2743 quod
1158 2690 1408 2745 pierumque,
1442 2688 1530 2730 dum
1552 2690 1678 2731 adbuc

121 2753 162 2796 in
183 2761 288 2796 terra
311 2755 512 2811 degimus,
546 2762 685 2811 sponte
708 2762 775 2796 aut
798 2754 909 2796 inviti
934 2754 1168 2808 titubemus,
1217 2763 1259 2798 ut
1281 2756 1316 2797 id
1340 2757 1441 2812 quod
1466 2759 1677 2813 perfectius

123 2828 186 2865 est
204 2821 460 2879 significetur.
522 2822 627 2865 Nam
649 2830 688 2864 et
711 2823 900 2865 iustorum
930 2823 1078 2879 pariter
1098 2831 1138 2865 et
1165 2830 1412 2881 peccatorum
1438 2825 1675 2870 mentionem

126 2889 312 2943 facimus,
345 2899 590 2947 peccatorum
617 2891 796 2947 quidem,
841 2898 881 2932 ut
905 2891 952 2932 iis
977 2906 997 2932 ι
1023 2892 1180 2933 domino
1207 2892 1515 2937 misericordiam
1540 2895 1676 2952 impio-

169 3004 204 3038 ².
237 3006 323 3038 cunt
358 3007 434 3039 hoec
464 3008 561 3039 verbo
592 3008 779 3039 Anastasius
813 3007 880 3039 Sin.
972 3006 1003 3039 3.
1030 3005 1191 3049 γενομένη
1216 3008 1284 3040 cod.
1309 3009 1438 3052 naenia.

126 3049 260 3091 Ouum.
281 3060 315 3092 p.
333 3051 409 3085 200.
435 3053 532 3085 Creu.
966 3053 997 3084 4.
1023 3053 1167 3086 Portam
1190 3048 1288 3098 ἅπιρ.
