2020 3276
417 228 600 263 Pmaan
623 225 707 260 Lm.
722 226 778 259 ιιι.
805 224 914 260 ‘rost
931 225 956 259 ι.
978 223 1111 258 naen.
1126 222 1284 257 Lxxvr.
1547 210 1630 252 295

87 305 277 355 m
301 307 533 351 adoratione
553 308 616 349 illa
640 313 703 348 tua
731 304 1064 362 perturbationem
1090 303 1258 354 inducis,
1291 315 1377 344 cum
1404 298 1632 342 dissimilem

87 377 344 421 aarum
373 389 424 419 eo
453 377 564 419 cuins
601 382 663 418 est
691 373 891 416 dissimilis
923 372 1071 413 honore
1105 372 1239 413 afficis.
1302 368 1417 425 Quod
1441 368 1498 420 si,
1531 380 1630 424 quae

86 444 356 501 tid-mus
378 445 539 502 perfidia
563 451 646 495 est,
692 443 810 485 filium
834 442 999 484 adorare
1024 448 1062 481 te
1089 453 1233 494 neges,
1277 439 1408 480 statim
1431 445 1470 478 te
1491 449 1630 478 omnes

86 511 347 569 neuque-t,
390 520 434 556 ut
456 513 520 569 qui
540 525 781 568 nequaquam
806 510 913 552 illum
939 522 1134 564 agnoscas
1160 521 1273 563 quem
1300 507 1466 548 adorare
1492 517 1631 547 omnes

86 581 348 638 “equalem
369 580 548 630 confiteri
567 581 724 623 debent.
785 579 1016 620 Adorabunt
1036 580 1132 617 enim
1151 590 1232 616 eum
1257 589 1382 615 omnes
1404 576 1538 627 angeli
1551 575 1624 613 dei.
1647 581 1754 646 {latita
1757 582 1817 644 159.

85 647 265 702 &oden
302 648 458 701 Maria,
504 663 589 692 cum
634 649 673 691 in
716 661 836 690 carne
877 645 1189 702 splendidissime
1230 643 1542 694 resurrexisset,
1586 655 1633 683 ao
1756 634 1763 642 '
1810 636 1818 645 ‘

85 724 285 776 panno
314 718 492 775 discipuli
521 731 659 759 omnes
684 718 912 759 adorarunt.
973 713 1077 755 Huic
1101 713 1204 755 enim
1233 711 1326 753 facti
1354 711 1530 752 creative
1564 725 1632 767 ap-

86 786 335 843 pdhtionen
356 786 515 829 minime
534 785 747 828 convenire
761 816 773 835 ,
807 790 940 840 utpote
962 797 983 824 a
1005 789 1116 839 patre
1138 780 1296 836 genito,
1329 794 1408 821 non
1430 780 1629 835 ignorant.

86 851 224 911 ltaqu-
246 855 484 898 existeutem
505 854 554 896 ab
578 854 775 895 existente
797 859 927 894 uatum
941 883 952 903 ‚
997 864 1070 892 neo
1095 864 1172 891 non
1197 855 1238 890 et
1255 848 1431 904 spiritum
1454 855 1630 890 sanctum

85 922 264 966 adorant.
313 921 473 966 Norunt
487 923 589 964 enim
611 922 716 964 illum
738 921 785 962 ab
804 920 1047 963 conditarum
1069 932 1199 960 rerum
1225 924 1366 958 natura
1387 917 1628 974 discrepare.

87 988 243 1048 Quippe
268 1005 346 1034 non
370 993 495 1033 tactus
517 998 577 1033 est
593 1022 603 1042 ‚
648 997 715 1032 aut
739 996 920 1041 creatus,
966 988 1034 1030 sed
1063 1001 1084 1029 a
1107 993 1215 1044 patre
1250 979 1422 1042 genitus.
1485 983 1633 1040 Quam-

87 1058 222 1102 obrem
243 1073 331 1103 eun
353 1059 556 1116 plurimum
575 1058 837 1111 aestuantis,
858 1071 906 1100 ac
930 1057 1090 1099 multum
1113 1055 1299 1112 temporis
1320 1055 1630 1112 consumpseris,

87 1126 207 1182 Αδιί,
248 1141 295 1172 ac
320 1128 555 1187 peregrinas
581 1136 621 1171 et
646 1128 840 1171 inauditas
865 1139 985 1168 voces
1011 1125 1239 1176 invexeris,
1282 1124 1389 1165 illum
1415 1130 1544 1165 tamen
1568 1123 1633 1165 vel

85 1195 235 1241 invitus
265 1198 463 1241 adorabis.
535 1201 689 1252 Oportet
721 1200 818 1238 enim
849 1210 974 1236 omnes
1006 1208 1131 1235 coram
1167 1195 1273 1234 illius
1304 1193 1493 1234 m'bunali
1518 1195 1627 1233 stati.-
1641 1202 1741 1232 zoor.
1754 1203 1781 1238 5.
1794 1203 1836 1233 la.

86 1281 134 1309 ae
152 1274 229 1308 tun
245 1270 365 1309 omit«
384 1269 516 1320 lingua
538 1268 793 1320 confitebitur,
840 1266 1012 1318 quoniam
1037 1265 1208 1303 dominus
1227 1265 1334 1302 Iesus
1359 1263 1534 1302 Cleraezetus
1555 1276 1629 1302 non
1647 1271 1763 1308 Phila.
1779 1273 1820 1302 ιι.

85 1337 234 1377 abi-m
256 1343 317 1376 est
335 1349 360 1376 a
382 1338 475 1384 deo,
507 1337 576 1376 sed
595 1338 634 1375 in
654 1337 784 1387 gloria
804 1335 868 1374 dei
881 1335 1027 1386 patr-12³,
1071 1330 1393 1387 quemadmodum
1424 1336 1503 1372 tam
1534 1330 1634 1371 scri-

87 1410 201 1461 ptura
228 1416 342 1460 quam
372 1403 562 1446 catholica
593 1403 689 1445 fides
719 1401 851 1443 habet.

201 1471 309 1514 Aetii
333 1469 462 1528 Caput
483 1469 646 1513 xxvi.
710 1467 754 1512 Si
785 1469 999 1525 ingenitum
1024 1468 1123 1510 nuda
1154 1467 1194 1509 in
1219 1467 1292 1508 deo
1317 1473 1378 1509 est
1408 1465 1632 1522 appellatio,

86 1540 185 1583 adeo
202 1545 380 1597 utsupra
399 1547 620 1582 creatarum
642 1553 773 1581 rerum
793 1538 963 1580 omnium
982 1536 1244 1579 conditionem
1265 1535 1348 1577 sola
1367 1533 1634 1591 pronuntiatio

88 1601 259 1651 divinam
292 1607 550 1652 substantiam
584 1608 773 1659 extollat,
817 1619 1063 1662 consequens
1090 1611 1152 1646 est
1183 1604 1379 1646 hominum
1407 1602 1636 1660 pronuntia-

87 1676 234 1720 tionem
257 1676 534 1734 omnipotentis
560 1676 621 1718 dei
648 1675 866 1718 substantia
892 1673 1217 1731 praestantiorem
1243 1672 1390 1724 videri,
1424 1685 1523 1727 quae
1551 1670 1636 1727 qui-

87 1745 175 1789 dem
203 1744 325 1803 ipsam
356 1743 672 1801 incomparabilis
701 1743 939 1786 excellentia
969 1741 1170 1798 dignitatis
1201 1747 1386 1783 exornet.

200 1810 363 1857 Coniut.
385 1811 549 1855 XXVI.
611 1812 752 1869 Neque
786 1812 928 1854 nudum
957 1811 997 1853 in
1031 1811 1105 1851 deo
1132 1823 1274 1852 nomen
1312 1816 1373 1851 est
1399 1806 1632 1863 ingenitum,

89 1894 215 1938 neque
234 1894 323 1924 cum
344 1880 490 1924 creatis
507 1881 625 1924 rebus
646 1889 810 1923 naturae
833 1878 1146 1922 communionem
1167 1878 1297 1920 habet.
1349 1876 1486 1932 Quare
1507 1891 1636 1932 neque

88 1955 294 1992 craturae
326 1950 465 1992 nudam
492 1950 789 2006 appellationem
813 1948 1048 2005 significant.
1112 1945 1191 1989 lam
1217 1960 1316 1988 vero
1337 1960 1424 1988 cum
1450 1945 1554 1987 inter
1577 1945 1636 1986 in-

88 2017 262 2074 genitum
293 2030 340 2060 ac
365 2024 538 2060 creatum
562 2018 727 2059 medium
761 2017 915 2073 aliquod
947 2015 1176 2058 vocabulum
1198 2021 1434 2071 quaeratur,
1482 2013 1555 2055 hoc
1575 2021 1636 2056 est

89 2085 207 2139 lilius,
238 2086 474 2142 minimeque
494 2093 667 2137 creatus,
700 2087 853 2127 cuinam
874 2083 1063 2127 eximium
1081 2083 1173 2126 illud
1193 2083 1437 2140 potissimum
1461 2081 1636 2124 tribuen-

88 2153 178 2196 dum
204 2154 294 2196 eat?
350 2152 413 2196 Ac
445 2153 478 2195 si
501 2154 653 2209 quidem
687 2153 879 2195 creaturis
906 2166 1111 2195 commune
1143 2166 1229 2194 cum
1264 2152 1345 2193 filio
1368 2151 1461 2193 illud
1487 2151 1636 2193 adscri-

88 2221 249 2274 bamus,
292 2236 379 2264 cum
404 2227 583 2263 neutrum
606 2221 837 2264 vocabulum
872 2222 955 2263 sola
976 2234 1021 2262 ac
1053 2220 1153 2262 nuda
1179 2219 1436 2276 appellatione
1461 2226 1632 2271 constet,

89 2297 131 2333 et
151 2290 473 2347 quemadmodum
497 2290 717 2345 ingenitus,
749 2296 788 2330 et
807 2296 987 2340 creator,
1021 2295 1059 2330 et
1080 2295 1284 2330 creaturae
1308 2302 1385 2329 non
1409 2302 1531 2330 voces
1554 2302 1636 2329 me-

88 2372 158 2402 rae
181 2365 296 2411 aaut,
328 2358 379 2400 ita
403 2358 581 2413 genitus,
614 2364 650 2398 et
679 2356 779 2399 filius
803 2356 944 2413 aliquid
968 2363 1126 2413 praeter
1147 2370 1287 2398 nomen
1314 2356 1479 2407 habeat,
1521 2355 1634 2397 nimi-

89 2441 175 2470 rum
195 2427 296 2483 quod
324 2440 393 2483 per
414 2439 604 2467 summam
630 2425 859 2466 calumniam
884 2424 1154 2467 ratiocinando
1180 2424 1328 2480 colligit
1351 2424 1516 2474 Aetius,
1562 2423 1635 2465 mi-

89 2494 234 2538 naum
269 2494 600 2552 perturbationem
633 2500 674 2535 et
709 2493 980 2535 confusionem
1017 2493 1163 2549 pariet3
1206 2492 1516 2548 qiinndoquidem
1546 2506 1634 2533 cum

90 2562 156 2606 mii
175 2563 334 2606 nomine
356 2570 587 2614 creaturae,
620 2574 719 2617 quae
742 2574 786 2602 re
810 2574 930 2611 vera,
964 2574 1042 2602 non
1066 2560 1324 2616 appellatione
1348 2566 1486 2611 tenus,
1529 2560 1636 2602 eius-

90 2630 192 2674 nodi
214 2644 305 2674 ease
329 2631 533 2682 dicuntur,
564 2628 773 2685 adaequari
800 2627 959 2670 minime
981 2634 1158 2684 possunt.
1220 2626 1323 2670 Nam
1345 2634 1386 2669 et
1408 2627 1509 2669 lilius
1530 2627 1633 2684 ipse,

90 2713 177 2742 cnm
213 2699 316 2742 iilius
352 2699 518 2750 dicitur,
560 2712 638 2740 non
672 2710 818 2738 meram
850 2695 887 2737 id
922 2709 968 2738 ac
993 2695 1116 2737 solam
1147 2695 1444 2751 appellationem
1469 2709 1563 2752 prae
1589 2710 1634 2739 se

91 2767 196 2810 ferro
221 2768 430 2824 putandum
460 2774 537 2809 est.
600 2764 797 2820 Quocirca
820 2778 906 2805 cum
930 2763 1068 2806 unicus
1091 2763 1152 2805 dei
1175 2763 1302 2812 fitius,
1349 2769 1389 2804 ut
1412 2770 1453 2804 et
1475 2764 1635 2820 spiritus

90 2842 273 2886 sanctus,
306 2849 433 2891 nequo
453 2848 593 2890 reapse
615 2848 692 2876 non
711 2833 873 2884 existat,
908 2844 1033 2887 neque
1058 2831 1156 2873 nuda
1181 2830 1440 2887 appellatione
1465 2831 1631 2885 dicatur,

91 2915 178 2945 cum
209 2903 330 2961 patris
359 2903 485 2959 gloria
515 2902 747 2945 coniunctus
770 2908 855 2953 est,
900 2912 1026 2955 neque
1051 2913 1138 2940 cum
1161 2906 1380 2941 creatarum
1411 2913 1542 2943 rerum
1566 2915 1634 2958 ap·

91 3017 175 3057 qued
194 3018 228 3049 tn
254 3018 448 3058 sequentibus
467 3017 625 3058 respondit
647 3017 841 3056 comparatio
933 3015 964 3049 5.
988 3013 1046 3048 τοῦ
1073 3012 1144 3048 υἱοῦ
1166 3014 1234 3047 cod.
1256 3014 1386 3055 Rhedta.

93 3058 142 3103 μὴ
167 3061 273 3105 ψιλῆς
295 3060 517 3107 ἐνδεχομένης
539 3057 732 3106 ὀνομασίας.
930 3059 964 3094 6.
990 3057 1227 3104 συνιγκέχυτω.
1248 3059 1470 3104 σοά.-1ιὴεάἰρ.
