2020 3276
443 222 627 260 rmum
649 220 735 259 me.
751 224 808 258 nr,
832 221 943 258 τοΜ.
961 225 986 258 ι.
1006 223 1140 258 mna.
1163 219 1322 256 Lxxvr.
1571 208 1650 252 301

111 307 285 365 *ta
314 305 540 363 hypostasis
567 305 811 357 declaratur,
855 318 953 360 quae
988 318 1080 360 prae
1110 303 1215 345 omni
1248 314 1476 344 caussarum
1508 311 1657 354 genere

111 374 423 420 l-tabilitate
455 374 507 415 sit
539 373 738 430 praedita,
785 372 921 415 eadem
951 386 1021 428 per
1052 385 1142 414 sese
1165 369 1381 413 substantia
1412 369 1658 423 incompara-

108 442 202 488 *a
223 450 309 495 est,
348 456 427 484 uon
461 442 570 484 v'elut
602 442 853 484 extrinsecus
885 441 1071 482 adscitam
1107 440 1333 495 qualitatem
1358 437 1461 479 illam
1493 449 1588 492 prae
1615 448 1660 476 se

108 512 273 564 Mus,
315 510 411 554 nibil
441 518 484 553 ut
516 512 563 552 ad
587 510 708 567 ipsam
741 509 866 566 possit
886 509 1098 556 accedere,
1143 508 1212 549 sed
1244 507 1282 548 id
1307 521 1360 547 ex
1382 518 1473 547 sese
1493 505 1657 555 babens,

112 580 170 623 uti
192 579 288 623 nibil
309 593 396 622 cum
427 579 513 636 ipsa
543 578 738 631 conferri,
782 585 847 620 aut
876 578 923 619 ad
946 591 1030 619 eam
1066 577 1258 618 accedere
1286 575 1423 631 possit.
1485 571 1599 616 Unde
1623 579 1664 614 et

110 660 185 707 per
211 654 342 692 unet
366 654 431 691 est
458 647 646 704 ingenita.
1555 668 1558 671 Α

111 743 134 755 ·.
225 714 390 760 Confut-
414 713 584 758 xxix.
647 713 753 757 ldem
775 728 914 757 saxum
936 719 1126 769 perpetuo
1147 712 1271 754 voluit
1293 712 1459 763 Aetius,
1491 718 1534 752 ut
1554 725 1577 752 a
1600 723 1660 752 me

98 784 271 854 ‘sepius
293 775 356 827 est
376 784 546 836 dictum,
590 797 717 839 neque
746 783 951 839 quicquam
977 781 1080 823 aliud
1104 781 1179 823 nisi
1202 780 1376 822 laborem
1409 780 1522 822 nobis
1549 779 1664 821 affert

113 867 161 897 ac
183 853 369 897 taedium.
431 850 696 907 Quamobrem
731 851 848 893 etiam
883 851 956 892 boc
978 850 1067 892 loco
1099 864 1245 891 novum
1275 849 1466 904 quendam
1489 848 1663 890 laborem

112 921 286 965 adiicere
306 920 507 977 cogimur,
541 921 755 976 eademque
780 927 976 976 repetere,
1009 918 1321 974 quandoquidem
1339 918 1394 959 ita
1417 918 1471 958 illi
1492 917 1661 958 videtur.

114 987 243 1047 fitur
261 989 356 1032 licet
387 988 551 1045 ingeniti
582 988 798 1030 substantia
830 987 1027 1043 ingenita,
1071 987 1173 1028 unde
1199 986 1387 1042 producta
1408 993 1494 1039 est,
1528 992 1666 1027 natura

114 1056 386 1116 ι’ςῠίῦοοιιιτ,
433 1057 527 1099 nibil
559 1064 691 1099 tamen
720 1057 866 1098 idcirco
893 1054 1094 1111 dignitatis
1128 1054 1333 1106 intererit,
1376 1055 1477 1110 quod
1509 1054 1667 1109 genitor

114 1125 289 1183 genitam
312 1125 547 1183 produxisse
569 1126 734 1168 dicatur.
778 1124 931 1181 Quippe
955 1138 977 1166 ε
998 1137 1042 1166 εε
1064 1124 1150 1180 ipso
1169 1124 1382 1165 secundum
1406 1122 1665 1165 substantiam

115 1193 295 1253 spirito-
316 1194 501 1251 espiritu
529 1194 688 1250 genuit,
736 1207 815 1235 non
847 1207 989 1251 corpus
1022 1206 1046 1234 e
1075 1205 1258 1248 corpore.
1321 1189 1435 1234 Unde
1470 1191 1556 1233 sine
1589 1190 1667 1231 ulla

117 1261 410 1319 comparatione
430 1262 589 1318 genitor
610 1261 650 1304 in
672 1261 796 1318 geniti
821 1262 997 1310 notione,
1032 1268 1073 1302 et
1094 1261 1252 1316 genitus
1272 1262 1311 1302 iu
1332 1267 1550 1316 generante
1573 1273 1667 1301 cou-

115 1337 307 1388 gneuter
331 1331 578 1387 intelligitur.
638 1329 782 1386 Neque
818 1329 922 1372 enim
949 1329 1181 1371 accessione
1210 1329 1286 1371 ulla
1317 1330 1491 1371 divinum
1523 1341 1667 1370 numen

115 1411 216 1459 opus
238 1398 393 1452 babet,
419 1406 461 1441 ut
485 1406 596 1456 pater
625 1399 723 1441 alias
749 1406 939 1450 vocetur,
983 1397 1082 1440 alias
1114 1397 1273 1439 minime
1308 1405 1497 1449 vocetur,
1539 1410 1668 1452 neque

116 1466 309 1511 lilius‘ex
333 1468 572 1524 sempiterna
602 1468 880 1509 coniunctione
912 1467 1144 1523 quandoque
1171 1480 1286 1518 csse,
1329 1467 1562 1522 quandoque
1588 1479 1666 1506 non

116 1546 210 1579 esso
225 1535 462 1593 reperietur.
524 1534 659 1591 Quare
684 1536 821 1578 eadem
847 1549 918 1592 per
938 1549 983 1577 se
1004 1535 1223 1577 substantia
1244 1535 1341 1577 deus
1367 1542 1453 1587 εει,
1501 1541 1612 1590 pater
1630 1542 1670 1575 et

117 1603 224 1647 filius
244 1611 286 1647 et
305 1604 467 1661 spiritus
486 1611 671 1657 sanctus,
714 1619 792 1646 non
818 1605 990 1646 diversa.
1050 1602 1145 1646 Non
1177 1604 1280 1645 enim
1305 1603 1416 1646 velut
1440 1604 1564 1645 frater
1583 1602 1669 1658 qui-

117 1672 207 1716 den
237 1678 301 1716 ut
326 1673 449 1730 patris
473 1673 600 1724 filius,
642 1680 711 1715 aut
731 1672 952 1728 posteriore
971 1673 1060 1715 loco
1079 1672 1260 1728 genitus,
1305 1672 1375 1714 sed
1399 1670 1668 1728 inexplicabili

117 1740 474 1799 quadam‘rationc
496 1739 552 1784 Τιι
577 1747 619 1783 ut
646 1748 683 1783 et
716 1742 838 1798 patris
866 1741 1074 1798 appellatio
1106 1755 1192 1783 cum
1226 1740 1310 1782 mio
1343 1739 1669 1783 consubstantiali

118 1815 327 1872 congruat,
358 1816 399 1852 et
421 1823 508 1852 cum
531 1817 641 1867 patre
661 1817 702 1852 et
725 1810 809 1852 filio
834 1810 898 1867 qui
922 1823 976 1852 ex
999 1810 1085 1866 ipso
1110 1816 1150 1851 et
1173 1823 1243 1864 per
1260 1809 1386 1866 ipsum
1409 1816 1450 1851 et
1474 1808 1669 1866 exipsius

120 1877 290 1936 propriis
320 1878 446 1921 oritur
476 1878 638 1935 spiritus
663 1885 824 1921 sanetus
849 1878 1075 1920 conveniat.
1138 1875 1235 1919 lude
1260 1877 1305 1919 fit
1325 1884 1367 1919 ut
1389 1884 1524 1934 pater,
1566 1878 1669 1919 nlius

120 1952 164 1989 et
179 1945 341 2003 spiritus
365 1953 526 1988 sanctus
556 1947 783 1990 inaccessus
807 1947 980 1999 dicatur,
1023 1946 1096 1988 boc
1126 1953 1189 1988 est
1210 1946 1303 1988 nibil
1329 1960 1466 1988 eorum
1489 1960 1588 2002 quac
1611 1947 1671 1988 in-

121 2013 279 2058 ierion‘s
303 2014 449 2070 gradus
470 2021 584 2067 sunt,
616 2022 655 2058 et
677 2015 726 2058 ab
747 2015 831 2072 ipsa
854 2015 1029 2057 trinitate
1052 2022 1211 2066 creata,
1256 2015 1303 2057 ad
1327 2029 1415 2057 eam
1438 2015 1563 2072 possit
1582 2029 1670 2072 per-

121 2082 292 2141 tingere.
338 2080 515 2124 Trinitas
537 2097 654 2139 porro
674 2084 758 2141 ipsa
778 2084 852 2126 sibi
873 2084 947 2141 ipsi
973 2097 1215 2140 nequaquam
1237 2090 1299 2125 est
1323 2083 1543 2126 inaccessa.
1596 2083 1672 2126 Est

122 2151 226 2196 etnim
246 2150 445 2202 inemta,
489 2163 568 2193 nou
590 2152 713 2204 tacu,
755 2159 795 2195 et
816 2152 1146 2209 incomparabilis.
1208 2150 1319 2207 Ergo
1343 2152 1437 2195 nibil
1458 2153 1669 2209 adaequari

122 2234 210 2263 eum
231 2226 343 2278 patre
366 2225 511 2276 potest,
543 2232 669 2275 neque
694 2234 780 2262 cum
804 2220 889 2277 ipso
914 2220 1118 2277 quicquam
1144 2234 1278 2262 earum
1301 2234 1430 2263 rerum
1455 2222 1671 2264 commuui-

122 2295 187 2332 ter
203 2289 392 2332 adoratur
414 2301 516 2344 quae
538 2301 591 2330 ex
613 2287 732 2330 nibilo
754 2289 898 2340 factae,
930 2288 1089 2331 minime
1110 2302 1208 2331 vero
1228 2289 1386 2346 genitae
1406 2297 1512 2332 sunt.
1558 2288 1671 2332 Nulli

122 2356 263 2415 quippe
299 2362 519 2399 creatarum
554 2370 686 2398 rerum
714 2355 816 2398 dixit
836 2370 1002 2412 unquam
1018 2389 1030 2410 ‚
1072 2359 1169 2398 Sede
1193 2371 1216 2398 a
1243 2360 1392 2398 dez-tris
1419 2361 1523 2399 meis.
1589 2356 1670 2400 Sed

123 2439 199 2469 neo
219 2425 359 2468 unicus
393 2424 455 2466 dei
478 2424 580 2467 filius
603 2425 652 2467 de
677 2438 869 2480 quoquam
890 2425 992 2467 istud
1017 2425 1221 2482 usurpavit
1242 2425 1474 2481 aliquandoz
1519 2430 1596 2479 Qui
1616 2430 1670 2467 vi-
1713 2429 1826 2496 ¹:3¹5·

123 2496 189 2536 det
204 2508 284 2547 are,
315 2496 416 2535 m‘elet
437 2501 476 2534 et
489 2501 660 2547 patrem
693 2499 755 2535 et:
788 2495 873 2546 Ego
893 2496 931 2534 in
949 2501 1075 2547 patre,
1108 2501 1148 2534 ee
1163 2501 1277 2547 pater·
1296 2497 1335 2534 in
1357 2508 1414 2534 me
1436 2502 1514 2544 est,-
1548 2495 1666 2537 itemt
1686 2487 1879 2550 tou-[1⁴⁴³.

124 2564 244 2604 Nono
263 2565 367 2604 nom?
381 2570 528 2616 patrem
550 2563 774 2615 nise‘filt‘us‚
818 2562 995 2614 etfih’une
1015 2564 1095 2602 nisi
1106 2569 1239 2615 paler,
1282 2569 1323 2602 et
1343 2565 1410 2602 cue·
1427 2565 1664 2605 revelaverit.
1712 2567 1825 2631 Mlfflh·

125 2627 206 2674 Per
236 2629 412 2688 spiritum
446 2644 543 2672 vero
575 2637 752 2672 sanctum
786 2628 958 2680 revelat,
1003 2629 1067 2685 qui
1099 2643 1198 2685 quae
1232 2630 1280 2671 ad
1317 2630 1437 2671 lilium
1474 2632 1673 2686 pertinent
1721 2604 1827 2640 l’n'

126 2698 353 2755 cognoscit,
385 2699 546 2749 edocet,
590 2699 688 2740 etin
717 2697 898 2739 mundum
930 2696 1152 2753 praedicat,
1196 2698 1273 2739 imo
1308 2711 1405 2739 vero
1432 2700 1493 2741 dei
1521 2701 1599 2743 alta
1624 2716 1671 2746 ac

121 2767 314 2822 ponenda
330 2774 539 2808 serutatur.
603 2764 817 2823 Propterea
838 2778 991 2821 quoque
1013 2764 1128 2816 dixit,
1162 2767 1239 2816 Qui
1252 2780 1325 2806 non
1342 2767 1506 2808 honorat
1516 2771 1664 2823 filum,
1684 2786 1821 2824 recma,
1834 2788 1876 2818 ιο.

127 2838 229 2877 sabat
258 2837 421 2876 honorat
442 2843 614 2889 patrem,
656 2838 716 2875 ira
745 2836 808 2874 dee·
826 2840 950 2874 manee
977 2835 1016 2874 in
1046 2835 1139 2887 ipso.
1203 2830 1295 2875 Non
1322 2833 1445 2886 dixit,
1488 2835 1567 2892 Qui
1590 2853 1670 2883 non

128 2902 296 2946 bonorat
322 2903 508 2960 angelos,
540 2903 641 2945 sicut
667 2902 835 2944 honorat
858 2908 1029 2958 patrem3
1074 2914 1147 2943 uec
1171 2900 1225 2943 ita
1252 2902 1455 2959 concepit:
1489 2903 1567 2961 Qui
1594 2921 1673 2951 non

131 3015 234 3058 filius,
269 3023 305 3051 et
334 3016 558 3070 condecenter
576 3016 664 3070 patri
690 3022 724 3050 et
746 3015 812 3049 filio
838 3027 876 3048 ex
968 3014 1000 3050 7.
1026 3013 1094 3059 μὴν
1117 3015 1206 3049 codd.
1224 3025 1298 3050 msa.
1344 3014 1404 3061 μιν
1426 3018 1511 3053 «ωδ.

130 3061 205 3107 ipso
226 3068 358 3096 sauctus
381 3073 482 3106 ipsius
505 3069 649 3107 spu-itus.
