2020 3276
418 181 601 215 causan
626 180 708 214 Lm.
727 178 787 214 m.
812 181 921 215 ToM.
948 182 973 215 ι.
998 180 1132 215 nasa.
1158 181 1321 214 Lxxw.
1564 171 1644 213 193

90 258 221 303 odia-
243 260 468 318 iampridem
495 262 699 312 foverent,
732 260 923 302 eiusmodi
947 261 1051 302 illum
1074 275 1221 317 genere
1249 259 1388 302 mortis
1411 259 1645 303 affecerunt.

91 325 221 384 Qan-
242 328 290 371 ad
311 329 398 372 eius
431 344 565 372 casum
596 328 1004 379 commemorandum,
1049 337 1090 370 et
1115 329 1403 371 atrocissimum
1438 328 1531 370 illud
1555 341 1646 384 sup-

90 395 277 454 plicium,
318 412 397 454 quo
429 399 560 440 statim
590 405 707 454 atque
731 396 862 439 audita
890 394 1113 439 Constantii
1147 412 1254 439 mors
1275 404 1360 450 est,
1400 396 1449 438 ab
1470 396 1648 439 Alexan-

88 463 213 508 drinis
252 465 511 523 iuteremptus
546 473 632 518 est,
681 466 785 508 nulla
824 465 901 507 alia
940 465 1150 507 occasione
1187 480 1272 507 sum
1310 465 1500 507 deductus
1533 478 1647 520 quam

89 533 192 590 quod
221 533 271 576 de
299 533 421 577 Aetio
459 534 730 592 disputandum
767 533 882 576 nobis
920 539 1052 585 esset,
1098 532 1164 589 qui
1194 533 1241 575 ab
1272 534 1338 575 illo
1369 534 1557 576 diaconus
1588 539 1649 575 est

89 601 311 645 ord'natus.

183 668 280 713 flio
303 670 425 727 igitur
444 670 587 714 Aetius
609 671 656 713 ad
681 671 850 713 adultam
873 677 1043 713 aetatem
1075 684 1197 726 usque
1220 676 1446 712 exterarum
1474 669 1643 727 discipli·
1671 678 1749 725 Cap.
1766 680 1807 712 Π.

88 751 255 791 uruat,
299 739 353 782 uti
387 747 575 792 narrant,
619 740 690 782 fuit
719 739 880 782 omnino
916 739 1039 781 rudis.
1103 737 1283 780 Tandem
1314 752 1412 779 vero
1441 753 1527 780 cum
1552 739 1650 781 Ale-

88 807 285 850 nasu-iae
309 808 569 850 Aristotelico
601 808 753 850 cuidam
783 807 1014 864 philosopho
1039 822 1088 850 ac
1112 807 1313 863 sophistae
1347 815 1534 849 navasset
1556 821 1649 864 ope-

89 889 199 929 m,
228 875 280 919 ab
300 889 428 933 eoque
453 876 693 918 dialecticam
715 876 941 928 didicisset,
985 882 1091 918 totus
1114 875 1153 917 in
1174 875 1267 916 illud
1293 874 1495 927 incubuit,
1529 883 1570 917 ut
1592 876 1649 917 di-

87 942 273 987 vinaru-
299 958 433 987 rerum
468 945 659 987 rationem
691 959 845 987 omnem
877 944 1105 1001 quibusdam
1142 943 1277 999 figuris
1312 943 1546 1000 explicaret.
1609 945 1649 986 ld

30 1050 35 1055 .
90 1011 195 1068 qaod
218 1025 374 1056 suasam
396 1012 437 1055 in
463 1013 544 1055 otio
565 1027 588 1055 a
612 1012 734 1070 prima
766 1013 853 1055 luce
883 1013 931 1054 ad
955 1027 1162 1069 vesperam
1197 1026 1320 1068 usque
1355 1012 1499 1053 sedens
1531 1013 1651 1069 perti-

89 1079 178 1131 aad
202 1093 322 1138 opera
345 1081 633 1134 contendebat3
679 1081 860 1124 nimirum
893 1088 935 1123 ut
958 1080 1221 1137 geometricas
1248 1080 1392 1136 figuras
1420 1080 1575 1122 divinas
1600 1081 1646 1122 ad

89 1161 158 1192 ras
177 1149 424 1202 tractandas,
466 1149 707 1192 definiendas
726 1149 1000 1206 docendasque
1026 1150 1278 1192 transferret.
1339 1148 1472 1204 Atque
1495 1156 1536 1190 ut
1558 1163 1648 1190 sese

90 1215 132 1261 in
154 1216 396 1260 Asianorum
421 1225 568 1260 sectam
594 1218 710 1260 altius
741 1217 1014 1270 immerserat,
1055 1225 1093 1259 et
1111 1217 1291 1259 insanam
1315 1216 1406 1258 Arii
1432 1217 1649 1258 doctrinam

91 1284 303 1338 hauserat,
344 1286 498 1329 illorum
531 1286 637 1328 velut
660 1286 814 1328 affricta
838 1286 1003 1342 quodam
1027 1286 1239 1341 attrituque
1264 1285 1381 1339 longe
1403 1285 1651 1341 pestilentior

90 1353 242 1406 evasit,
273 1361 315 1396 et
337 1355 529 1397 adversus
550 1355 612 1396 dei
636 1355 778 1406 filium,
811 1369 857 1396 ac
878 1354 1056 1410 spiritum
1079 1361 1256 1395 sanctum
1279 1354 1450 1410 linguam
1476 1368 1587 1396 suam
1609 1354 1648 1395 iu

89 1420 176 1465 dies
198 1422 375 1466 exacuit.
436 1421 517 1466 Sed
541 1438 562 1464 a
588 1423 785 1465 nonnullis
807 1423 855 1464 ad
882 1420 1159 1469 Constantium
1189 1421 1341 1463 delatus
1366 1421 1405 1462 in
1431 1421 1647 1464 subiectam

90 1488 231 1534 Tauro
262 1490 385 1533 monti
414 1491 615 1546 regionem
647 1491 863 1546 relegatur.
926 1491 981 1532 lbi
1006 1490 1266 1547 perniciosam
1292 1505 1401 1532 suam
1427 1491 1645 1532 doctrinam

86 1557 205 1616 lenge
224 1559 379 1616 lateque
407 1560 661 1616 propagavit,
693 1574 738 1601 ac
765 1559 888 1616 palam
913 1566 953 1600 et
978 1560 1166 1600 audacter
1191 1557 1508 1615 perfrictiorique
1530 1573 1644 1615 quam

85 1634 203 1671 antea
235 1628 365 1670 fronte
400 1627 698 1670 acerbissimum
735 1627 885 1670 erroris
921 1627 1024 1669 illius
1060 1642 1174 1683 quem
1205 1635 1437 1670 evomuerat
1467 1627 1578 1668 virus
1608 1627 1647 1668 in

51 1735 58 1744 .
87 1695 257 1741 »odium
282 1696 370 1739 sine
393 1697 470 1739 ulla
491 1696 787 1738 intermissione
811 1695 986 1752 protulit.
1049 1696 1185 1738 Ausus
1209 1703 1271 1738 est
1292 1696 1395 1738 enim
1419 1694 1649 1737 dissimilem

84 1763 187 1822 patri
210 1763 356 1817 fllium,
399 1778 472 1807 uec
502 1766 669 1807 eundem
700 1763 905 1806 divinitate
939 1778 1029 1806 esse
1057 1779 1143 1806 cum
1174 1764 1241 1806 illo
1272 1764 1463 1822 profiteri.
1523 1762 1645 1819 Atqui

87 1846 138 1875 ne
173 1846 246 1877 nos
279 1833 434 1890 quidem
464 1832 718 1875 similitudine
757 1833 842 1890 ipsa
879 1846 1119 1888 magnopere
1158 1833 1334 1875 nitimur.
1396 1830 1550 1888 Quippe
1583 1832 1648 1887 qui

86 1900 129 1945 in
151 1901 248 1955 lilia,
278 1901 313 1944 si
335 1916 423 1944 cum
446 1908 557 1958 patre
579 1902 822 1952 conferatur,
854 1901 1108 1943 similitudine
1132 1901 1310 1957 quiddam
1337 1899 1504 1957 amplius
1527 1914 1649 1956 agno·

88 1970 262 2024 sein-s,
306 1983 356 2012 eo
381 1971 483 2026 qnod
504 1970 605 2012 idem
633 1969 838 2012 divinitate
863 1969 916 2012 sit
934 1976 974 2011 et
998 1970 1198 2026 aequalis,
1245 1983 1318 2012 nec
1345 1969 1422 2010 ullo
1455 1968 1570 2011 modo
1593 1968 1649 2010 di-

88 2052 248 2084 versus.
309 2034 499 2080 Ceterum
520 2037 595 2080 etsi
620 2038 804 2095 pleraque
829 2037 1040 2080 assimilari
1062 2039 1137 2080 deo
1162 2038 1365 2091 dicantur,
1400 2051 1478 2079 non
1501 2044 1646 2088 tamen,

89 2108 124 2151 si
147 2107 197 2150 de
219 2106 454 2163 aequalitate
482 2105 710 2162 loquamur,
754 2107 892 2148 eadem
925 2120 1012 2148 cum
1043 2105 1249 2148 divinitate
1280 2113 1387 2147 sunt.
1451 2103 1520 2148 Sic
1545 2105 1648 2147 enim

89 2175 208 2220 bono
233 2178 286 2217 ad
307 2177 506 2229 ίιιαςὺιεηι
535 2177 600 2215 dea
624 2176 976 2229 um‘litudinemque
992 2177 1151 2230 faceres,
1196 2188 1274 2216 non
1308 2174 1412 2216 idem
1448 2188 1536 2216 cum
1568 2172 1637 2216 illo
1666 2192 1733 2220 ae..
1736 2193 1790 2227 „1
1810 2192 1854 2220 a

91 2243 329 2303 aequalitate
350 2249 429 2285 est.
491 2239 560 2285 Sic
585 2257 743 2296 regnum
769 2245 956 2284 coelorum
983 2258 1109 2296 grano
1129 2246 1273 2297 sinapis
1293 2245 1416 2284 achille
1439 2249 1525 2294 est,
1569 2256 1648 2283 non
1685 2260 1741 2289 Mn
1743 2259 1800 2289 uh

83 2320 224 2362 ,ta-en
243 2325 407 2369 ganum
435 2310 527 2353 illud
551 2310 652 2353 idem
678 2317 741 2352 est
768 2325 855 2353 cum
886 2324 1034 2367 regno,
1079 2325 1153 2353 nec
1175 2311 1349 2353 eiusdem
1376 2325 1463 2352 cum
1488 2310 1555 2352 illo
1579 2324 1648 2352 na·
1695 2296 1738 2329 ¹³’
1756 2295 1800 2324 ⁸¹

93 2389 205 2426 turae
234 2380 430 2439 particeps
461 2386 537 2422 est.
601 2380 704 2421 idem
735 2385 939 2435 praeterea
968 2394 1131 2435 regnum
1169 2379 1284 2422 modo
1306 2381 1488 2432 ser-rnentt
1505 2380 1641 2427 simile,
1699 2397 1753 2425 Μ.
1755 2396 1812 2425 tu·

92 2450 209 2494 nodo
246 2451 371 2491 decens
403 2451 617 2501 virginum,
664 2447 779 2488 modo
818 2449 1110 2501 ραὰτζςῙαιηιΙάιε
1138 2447 1346 2490 asseritur.
1417 2445 1533 2502 Quod
1562 2445 1647 2502 qui·
1681 2432 1789 2503 ..30¹⁸
1795 2466 1819 2494 1

94 2517 182 2562 sen
205 2518 253 2562 de
278 2515 554 2568 similitudine,
600 2530 677 2557 non
711 2515 846 2557 eadem
877 2515 1096 2558 substantia
1132 2530 1202 2572 par
1232 2523 1294 2557 est
1322 2514 1461 2571 accipi.
1523 2512 1649 2558 Filius

94 2593 222 2630 aute·
245 2600 332 2629 cum
354 2592 396 2627 et
418 2584 515 2641 patri
538 2583 676 2626 similis
697 2583 771 2636 sit,
816 2590 856 2625 et
877 2583 961 2639 plus
983 2598 1097 2639 quam
1120 2583 1283 2634 similis,
1329 2582 1431 2638 quod
1453 2582 1556 2625 idem
1583 2597 1651 2626 ae-

96 2654 299 2714 qualisque
322 2655 400 2707 sit,
441 2667 518 2695 uon
544 2652 667 2694 solam
690 2651 728 2693 in
754 2665 802 2694 eo
827 2651 1118 2694 similitudinem
1154 2650 1413 2707 comprobare
1446 2650 1551 2692 omni
1574 2664 1649 2708 ope

95 2722 321 2775 studemus,
352 2722 420 2764 sed
441 2721 607 2763 eundem
630 2719 909 2776 aequalemque
932 2726 1177 2769 monstrare,
1210 2718 1370 2775 perinde
1392 2733 1437 2761 ac
1463 2718 1576 2762 deum
1602 2720 1649 2762 de

97 2790 196 2845 deo,
239 2797 280 2833 et
309 2803 361 2833 ex
388 2796 499 2847 patre
533 2789 676 2840 lilium,
723 2801 794 2830 nec
818 2787 866 2829 ab
891 2786 978 2829 eius
1004 2787 1218 2829 substantia
1243 2786 1465 2839 diversum,
1509 2787 1578 2829 sed
1601 2786 1649 2829 ab

97 2857 184 2917 ipso
213 2857 411 2915 genitum,
456 2857 557 2914 quod
582 2857 707 2914 ipsum
732 2856 780 2898 de
804 2854 943 2912 spiritu
970 2862 1108 2897 sancto
1140 2868 1217 2896 non
1245 2854 1373 2896 minus
1395 2855 1647 2898 affirmamus.

99 2927 158 2970 At
179 2927 364 2984 egregius
386 2926 452 2968 ille
477 2925 620 2968 Ae‘tius
643 2939 693 2968 ne
722 2924 886 2967 similem
922 2923 1076 2979 quidem
1111 2923 1211 2979 patri
1242 2923 1358 2965 lilium
1392 2924 1650 2980 pronuntiare

144 3017 177 3053 ².
213 3018 364 3060 Sum
393 3018 604 3059 reponendum
634 3026 697 3051 esse
719 3012 991 3059 ἀποτριψάμενός
1013 3024 1051 3049 τι
1072 3010 1112 3049 τὸ
1132 3026 1166 3058 μ.

178 3070 298 3110 corpu·
316 3071 497 3104 Haereseol.
515 3070 553 3099 n.
571 3071 599 3099 8.
1329 3076 1378 3117 ¹3
