2020 3276
391 215 473 258 636
847 220 1065 256 annuum
1089 221 1149 256 ΕΤ
1174 221 1474 255 conmcmm.

387 302 540 346 ἐκλήθη,
565 312 631 335 om.
655 302 738 336 Ven.
764 320 805 327 —
854 301 878 335 1.
893 301 925 337 7.
949 300 982 336 ἰν
1002 297 1125 348 κόσμῳ
1146 297 1446 347 ἀναστρεφομένων
1466 296 1647 344 έπιστύψει
1662 300 1747 335 Vm.
1770 318 1816 328 —
1855 299 1886 334 1.
1897 298 1932 336 8.

387 361 525 404 Repone
549 356 589 394 τὸ
614 360 722 394 λεῖπον
752 357 1039 403 έπιδιορθῶσηται
1070 371 1111 392 a
1143 360 1285 392 Veneto.
1331 358 1418 392 Nam
1446 355 1557 394 λοιπὸν
1591 357 1746 392 mendum
1768 363 1822 391 eat
1840 356 1934 404 quod

386 416 520 461 irrepsit
549 415 581 448 in
604 415 656 448 ed.
678 415 790 448 Petu.
824 414 942 449 colon.
966 434 1006 441 —
1056 415 1079 451 l.
1093 415 1127 451 9.
1157 414 1200 451 τὰ
1225 413 1380 460 στόματα
1409 415 1477 450 τῶν
1502 412 1590 450 κατὰ
1611 413 1671 450 τοῦ
1689 411 1797 459 νόμον
1815 413 1933 458 κυρίου

387 474 470 506 Ven.
493 491 538 498 —
586 471 667 505 lbid.
702 467 807 511 αύτός
838 469 921 512 θεός
940 470 1012 508 ἐστι
1033 483 1066 508 σ.
1085 484 1119 508 π.
1141 471 1201 507 καὶ
1221 469 1311 517 οἱγίῳ
1329 483 1380 506 πν.
1403 469 1506 506 αὐτοῦ
1529 470 1614 505 ven.
1637 489 1683 498 —
1725 470 1749 504 1.
1771 470 1824 506 12.
1849 468 1934 506 οἶνον

387 529 437 569 είς
455 526 641 575 εύφρασίαν
660 529 746 562 ven.
765 547 806 554 ——
856 528 878 562 1.
898 529 948 563 13.
972 527 1217 574 διηγησάμεθα
1231 530 1315 562 Ven.
1333 547 1378 554 —
1400 527 1423 561 1.
1440 526 1491 562 14.
1527 528 1696 573 διέδραμα
1713 527 1798 562 Van.
1833 527 1935 562 Paulo

386 593 465 631 pont
485 586 519 619 in
542 585 659 619 eadem
685 584 773 619 linea
799 585 928 630 corrige
961 585 1047 631 μετὰ
1077 584 1140 630 τήν
1159 583 1280 632 ἀρχὴν.
1327 584 1455 618 Eodem
1486 583 1570 619 vitio
1590 584 1723 619 hbont
1745 583 1799 618 ed.
1818 585 1934 618 Pom.

389 642 504 676 Colon.
529 660 575 668 —
620 642 642 676 l.
667 642 718 677 17.
743 641 802 677 καὶ
823 641 1034 689 πανταχόθεν
1054 642 1190 679 διέπεσε
1207 641 1334 678 τούτων
1352 640 1605 685 πεπλανημένος
1621 638 1641 678 ὅ
1660 637 1760 686 λόγος
1782 642 1866 677 ven.
1893 659 1935 668 —

387 699 409 732 1.
428 699 482 734 19.
508 696 590 744 μηδ’
609 696 770 743 ὁποτέρου
786 700 854 734 τῶν
875 695 1122 744 εύαγγελιστῶν
1144 695 1303 735 α’ντίὲῐετα
1320 696 1406 742 πρὸς
1427 696 1486 733 τὸν
1507 697 1618 742 ἕτερον
1638 696 1770 744 ἔχοντος
1788 697 1872 731 Ven.
1893 716 1936 724 —

387 756 410 791 1.
420 757 475 790 20.
499 754 538 799 ὁ,
563 762 642 789 ante
660 756 815 796 Λουκᾶς,
851 767 916 789 om.
942 757 1025 789 ven.
1050 775 1092 781 —
1139 755 1161 789 1.
1179 756 1235 790 23.
1258 752 1322 790 ύπὸ
1347 755 1407 789 τοῦ
1427 754 1542 799 κυρίου
1563 755 1648 788 Van.
1671 773 1716 781 —
1760 753 1785 788 1.
1803 754 1859 788 25.
1881 753 1936 791 26-

388 826 453 858 μου
474 810 685 857 αὶρισάμενον
705 813 788 846 Veu.
813 832 854 838 -
902 812 924 846 1.
938 812 993 847 23.
1017 810 1128 858 Λήψῃ
1154 811 1264 858 ἰαυτῷ
1283 813 1367 845 Veu.
1394 831 1433 837 —
1483 811 1505 844 1.
1521 811 1554 845 9.
1576 810 1619 844 ab
1639 810 1703 847 inf.
1724 811 1771 857 τῇ
1792 807 1825 847 δ’
1844 807 1937 855 ἐἶμί-

389 882 432 916 ρᾳ
453 871 533 903 Ven.
560 889 599 895 -
650 870 670 903 1.
686 872 719 905 8.
741 870 783 903 ab
804 869 866 903 inf.
889 869 950 905 καὶ
966 867 1118 916 ἕβδόμην
1135 867 1267 914 ἡμέραν
1284 863 1432 914 ποιήσῃς
1454 865 1553 912 ἁγίαν
1574 867 1711 912 (deum
1730 867 1832 902 vamba
1851 864 1936 914 σάβ-

391 929 489 973 βατον
522 924 654 971 ἡμέραν
684 924 799 971 οἷγίαν)
830 927 914 959 Veu.
939 946 982 952 —
1028 926 1052 961 l.
1066 926 1098 962 7.
1120 932 1155 959 et
1175 925 1208 960 6.
1232 925 1274 958 ab
1299 924 1360 958 inf.
1394 923 1480 969 μετὰ
1504 922 1544 960 τὸ
1566 925 1699 969 πρῶτον
1725 922 1894 972 σάββατον
1912 922 1939 971 ή

387 981 526 1027 τοιαύτη
548 980 631 1028 ἁγία
650 983 710 1019 τοῦ
731 978 906 1028 προφήτου
930 981 992 1028 ήμ.
1019 984 1102 1016 Ven.
1129 1002 1170 1007 —
1218 982 1240 1015 l.
1257 984 1291 1016 5.
1314 982 1453 1026 Repone
1474 993 1514 1016 τε
1536 980 1734 1026 particulam
1758 988 1838 1016 nte
1856 984 1938 1019 δευ-

389 1040 481 1087 τέρᾳ.
508 1059 554 1067 -
598 1039 685 1074 lbid.
710 1036 773 1076 κᾶν
792 1051 830 1075 τε
848 1039 945 1085 τρίτῃ
967 1038 1150 1086 σαββάτων
1170 1037 1369 1085 καταντήσῃ
1391 1039 1474 1072 Ven.
1500 1056 1543 1064 -
1588 1037 1614 1072 1.
1628 1037 1660 1072 3.
1678 1037 1722 1072 ab
1741 1037 1804 1072 inf.
1826 1037 1942 1084 περιό-

390 1100 450 1134 δου
481 1096 599 1143 χρόνου
630 1096 788 1132 ἐνιαυτῶν
806 1097 891 1130 Ven.
916 1116 960 1122 -
1006 1096 1029 1131 l.
1053 1097 1115 1130 ult.
1148 1093 1189 1140 ὅ,
1221 1102 1299 1130 onte
1321 1095 1478 1140 Λουκᾶς,
1510 1105 1576 1129 om.
1599 1095 1708 1136 Vm,
1739 1094 1940 1141 qni'ibidem

390 1154 492 1188 etiam
516 1149 639 1193 Οὕτως
664 1165 725 1198 pro
751 1149 865 1188 Οὕτω.

480 1211 588 1258 Png.
608 1211 711 1247 104.
757 1210 778 1243 Ι.
798 1212 826 1244 1.
860 1208 1061 1256 ἀριθμήσῃς
1082 1209 1193 1257 ἑαυτῷ
1217 1210 1299 1244 ven.
1323 1229 1362 1235 -
1413 1209 1435 1242 Ι.
1450 1209 1483 1243 2.
1515 1207 1671 1252 ποιήσεις
1688 1208 1791 1244 habt-t
1807 1215 1942 1255 praeter

391 1267 533 1312 Rhedig.
567 1267 667 1300 etiam
699 1268 773 1300 Bas.
819 1268 936 1300 Scribo
968 1279 1056 1300 nunc
1085 1263 1309 1312 ’Δριξτμήσεις
1340 1286 1375 1292 -
1412 1262 1577 1310 ποιήσεις.
1603 1285 1643 1293 -
1699 1265 1783 1300 lbid.
1814 1265 1940 1311 κυρίου,

392 1322 477 1369 σήμ.
497 1325 579 1357 ven.
604 1342 648 1349 —
697 1324 718 1356 Ι.
735 1324 768 1358 8.
798 1323 862 1364 τὰς
888 1322 922 1368 μ’
945 1322 1078 1369 ἡμέρας
1106 1325 1188 1358 Ven.
1213 1342 1260 1349 -
1304 1323 1327 1356 l.
1351 1324 1401 1357 10.
1437 1320 1576 1369 δράχμα
1598 1323 1693 1364 Bam,
1726 1322 1778 1356 uti
1796 1322 1863 1356 inm
1881 1329 1940 1356 m-

391 1394 462 1427 pra.
487 1400 532 1407 —-
577 1380 600 1413 1.
617 1380 668 1414 11.
692 1378 718 1425 ή
739 1372 875 1427 ἀγκάλῃ
896 1378 1147 1426 άγκαλισθεῖσα
1178 1382 1261 1414 Ven.
1291 1399 1335 1406 -—
1381 1379 1404 1412 1.
1426 1379 1476 1414 13.
1510 1377 1576 1424 γὰρ
1597 1377 1711 1424 κύριος
1732 1375 1943 1424 ἀποθνήσκει

391 1439 475 1471 Ven.
499 1457 543 1464 —
589 1439 611 1472 l.
632 1441 682 1474 15.
707 1437 725 1475 ὁ
746 1437 848 1484 νόμος
870 1438 978 1471 firmat
996 1449 1086 1471 nunc
1106 1438 1190 1471 Ven.
1209 1456 1254 1463 —
1299 1437 1322 1470 1.
1341 1436 1391 1471 16.
1419 1434 1626 1482 σαφήνειαν,
1650 1435 1749 1472 δέδια
1771 1435 1863 1481 (eod.
1887 1435 1944 1472 ⁸6-

391 1495 484 1540 δεῐα)
506 1492 546 1531 δὲ
569 1494 608 1531 τὸ
633 1495 695 1541 μὴ.
743 1496 842 1529 Unde
868 1494 1083 1539 corrigendus
1113 1501 1164 1528 eat
1191 1493 1247 1528 hic
1275 1494 1376 1538 Ιοουο.
1423 1495 1461 1527 lu
1483 1494 1556 1527 Bu.
1575 1500 1656 1526 ante
1682 1491 1741 1530 διὰ
1766 1492 1942 1527 meritona

392 1552 604 1597 conspicitur.
630 1572 668 1578 -
718 1552 811 1588 1.17.
836 1551 894 1588 Διὸ
917 1564 983 1586 om.
1004 1553 1087 1585 Ven.
1115 1571 1156 1576 —
1211 1551 1232 1584 1.
1255 1551 1306 1586 18.
1341 1549 1420 1593 καὶ,
1451 1557 1530 1596 post
1560 1547 1735 1596 σταχύων,
1769 1550 1940 1583 on-Ven.

393 1628 435 1634 —
459 1609 481 1642 1.
502 1609 554 1644 19.
581 1610 718 1655 Repoue
737 1622 778 1642 ex
801 1611 885 1643 Ven.
905 1607 992 1654 μετὰ
1009 1607 1068 1644 τόν
1088 1609 1166 1644 τῶν.
1186 1627 1231 1634 —-
1276 1608 1299 1641 1.
1313 1608 1366 1641 22.
1393 1605 1441 1652 μὴ
1461 1607 1511 1651 πῆ
1535 1608 1618 1641 Veu.
1643 1625 1688 1633 —
1733 1604 1824 1641 124.
1848 1605 1941 1650 εἰπερ
2015 1608 2017 1610 ’

392 1677 454 1711 pro
473 1662 562 1711 ἤπερ
579 1666 682 1700 habet
706 1668 778 1700 Bas.
801 1686 848 1692 —
892 1666 915 1699 1.
929 1666 983 1700 25.
1018 1664 1238 1711 χλευάζοντες
1259 1661 1385 1704 οὕτως,
1421 1663 1467 1699 Τί
1485 1664 1570 1697 ven.
1597 1681 1639 1689 -
1683 1662 1707 1697 1.
1722 1662 1776 1699 27.
1801 1663 1940 1708 Repone

394 1720 550 1768 ὠφέλιμα
575 1721 620 1758 τοὶ
649 1725 789 1759 τοιαῦτα
812 1735 852 1757 ex
873 1725 957 1758 Ven.
970 1747 980 1764 ,
1014 1722 1049 1756 in
1071 1734 1137 1767 quo
1157 1719 1334 1767 ω’φέλειμα
1356 1733 1387 1755 τ.
1410 1732 1440 1755 τ.
1453 1745 1463 1762 ,
1498 1727 1534 1752 et
1550 1731 1591 1753 ex
1613 1721 1684 1753 Bau.
1707 1719 1763 1753 ubi
1785 1725 1942 1765 corrupte

393 1777 607 1825 ὠφελήματα
627 1783 776 1816 τοιαῦτα.
809 1799 852 1806 -
907 1779 929 1813 1.
949 1779 982 1815 3.
1005 1779 1047 1812 ab
1069 1779 1131 1812 inf.
1170 1776 1441 1824 α’πεκδεχομένην
1472 1775 1535 1821 τὴν
1566 1774 1765 1821 τελειότητα
1791 1774 1855 1822 τὴν
1885 1786 1940 1812 σκ.

393 1838 477 1871 Ven.
500 1856 545 1863 —-
590 1837 613 1871 l.
639 1838 766 1882 penult.
800 1835 849 1877 ὦς
871 1836 1025 1881 σκίασμα
1059 1833 1218 1880 σώματος
1241 1836 1322 1869 ven.
1345 1852 1391 1860 -
1436 1834 1457 1867 1.
1483 1833 1543 1867 ult.
1577 1831 1664 1878 γὰρ,
1698 1839 1777 1878 ροσε
1808 1830 1941 1876 ἐπειδὴ,

397 1908 462 1931 om.
486 1898 569 1930 Ven.

484 1953 592 1999 Pag.
613 1953 718 1988 1⁰6.
761 1951 785 1984 1.
808 1951 836 1986 1.
863 1948 903 1993 ὅ,
927 1956 1007 1983 aute
1030 1948 1132 1994 θεὸς,
1165 1959 1231 1982 om.
1258 1949 1342 1981 Ven.
1366 1967 1410 1974 —
1455 1947 1479 1982 1.
1499 1948 1520 1981 5
1544 1953 1579 1980 et
1598 1946 1633 1982 6.
1658 1944 1790 1993 χαλκὸς
1809 1964 1856 1972 -
1876 1943 1943 1990 ἄρ·

394 2008 500 2054 γυράς
518 2011 602 2043 Ven.
623 2015 658 2041 et
682 2009 754 2041 Bas.
778 2025 822 2034 ——
867 2007 891 2040 1.
914 2006 947 2041 6.
973 2003 1204 2051 πνευματικὰς
1220 2004 1398 2051 νοήσωμεν
1417 2001 1475 2040 ἀπ’
1500 1999 1641 2048 ούρανοῦ
1666 2005 1751 2038 Ven.
1774 2018 1820 2030 -·-
1863 2002 1886 2037 1.
1908 2003 1940 2037 7.

397 2066 532 2110 corrige
549 2063 627 2105 “Ως.
655 2083 696 2090 -
741 2064 764 2098 1.
788 2066 821 2099 8.
847 2065 1040 2099 σαλπιοῦσιν
1059 2064 1146 2097 Ven.
1174 2082 1219 2088 —
1265 2063 1287 2096 1.
1312 2063 1362 2096 12.
1389 2055 1418 2096 ὦ
1440 2055 1532 2096 οὗτοι
1548 2071 1615 2094 om.
1637 2062 1722 2095 Ven.
1769 2059 1862 2094 Iden
1881 2070 1944 2106 pro

395 2122 548 2168 ἀγγέλων
565 2122 667 2156 habet
686 2118 901 2165 εὐαγγελίων.
926 2139 969 2145 —
1015 2120 1038 2153 1.
1062 2119 1115 2155 14.
1140 2118 1386 2165 Καταβήσεται
1405 2117 1470 2162 γὰρ
1501 2117 1643 2163 (omisso
1671 2117 1791 2163 φησὶν)
1828 2115 1944 2162 κύριος

395 2177 453 2215 ἀπ’
484 2176 625 2223 ούρανοῦ
658 2180 741 2212 Ven.
769 2197 811 2203 -—
868 2177 892 2210 1.
919 2177 970 2212 16.
1005 2177 1111 2212 τοίνυν
1142 2177 1201 2212 τοῦ
1228 2175 1368 2211 Παύλου
1402 2177 1482 2208 Ven.
1509 2195 1549 2201 —
1597 2175 1620 2208 1.
1645 2174 1695 2210 17.
1729 2171 1946 2212 ἀπολείπεται

395 2234 559 2281 α’πολογία
577 2237 660 2269 Ven.
683 2255 727 2261 —
750 2235 772 2268 l.
793 2235 848 2268 20.
874 2234 907 2269 έν
927 2231 1017 2280 αύτῇ
1037 2235 1081 2280 τῇ
1098 2231 1331 2276 ’Δποκαλύψει
1347 2234 1432 2266 ven.
1454 2251 1499 2258 —
1543 2232 1568 2266 l.
1588 2232 1644 2267 23.
1667 2233 1718 2278 τῷ
1735 2230 1772 2268 έν
1790 2230 1944 2274 Θυατίρι.

395 2294 484 2334 Πῶς
503 2286 559 2328 οὖν
581 2292 725 2338 ἔγραφον
747 2292 793 2338 τῇ
816 2290 863 2336 μή
887 2288 973 2336 οὔσῃ
989 2316 998 2332 ,
1023 2287 1101 2326 Ούκ
1124 2289 1171 2326 ἔνι
1188 2292 1245 2326 νῦν
1265 2289 1357 2325 έκκλ.
1381 2289 1430 2329 εἰς
1447 2287 1627 2334 Θυάτιραν,
1652 2285 1842 2325 δεικνύουσι
1859 2298 1944 2332 προ-

395 2349 638 2396 πεφυτευκέναι
660 2352 745 2383 Ven.
768 2367 813 2374 —
835 2349 857 2382 1.
879 2348 933 2383 27.
958 2349 1097 2392 Repone
1115 2347 1175 2382 καὶ
1197 2346 1394 2392 particulam
1416 2353 1494 2380 ante
1517 2346 1617 2390 δίκην
1637 2343 1757 2381 λύκων.
1782 2362 1830 2371 -
1851 2343 1874 2377 1.
1887 2343 1944 2378 29.

396 2405 624 2450 Ἀποκάλυψιν
656 2405 744 2442 κατὰ
764 2407 822 2441 τοῦ
851 2404 951 2450 λόγου
969 2417 999 2440 τ.
1022 2404 1071 2444 εἰς
1098 2402 1212 2449 α’νατρ.
1235 2400 1310 2439 κατ’
1333 2402 1440 2438 έκεῖνο
1461 2403 1527 2447 (sic
1547 2401 1807 2446 restituendum)
1827 2401 1943 2445 καιροῦ

397 2467 482 2498 Ven.
508 2483 554 2490 -
599 2464 622 2497 1.
646 2464 702 2499 31.
739 2461 797 2499 διὰ
824 2460 882 2498 τᾶν
907 2460 1056 2506 Χριστὸν
1091 2462 1175 2494 Ven.
1207 2479 1252 2486 —
1308 2460 1391 2494 lbid.
1422 2458 1509 2505 μετὰ
1539 2459 1657 2506 χρόνον
1687 2457 1751 2505 ριβ’
1784 2459 1878 2492 Van..
1899 2475 1947 2483 —
2017 2453 2020 2459 ⁴

398 2522 420 2555 l.
442 2519 475 2556 4.
500 2522 542 2555 ab
561 2521 623 2555 inf.
643 2516 774 2564 ἤμελλε
795 2521 879 2552 Ven.
903 2537 945 2544 —
992 2519 1015 2551 1.
1034 2518 1163 2563 penult.
1188 2518 1328 2562 Repone
1351 2529 1392 2550 ex
1413 2518 1495 2552 Vcn.
1513 2514 1600 2560 μετὰ
1617 2514 1679 2560 τήν
1697 2515 1757 2552 τσῦ
1777 2514 1945 2558 σωτῆρος.

487 2579 594 2625 Pag-
611 2578 714 2614 1118.
759 2577 780 2610 1.
800 2576 832 2610 2.
860 2576 990 2609 Plenius
1021 2577 1103 2608 Ven.
1128 2572 1242 2619 κύριος
1271 2573 1305 2609 έν
1336 2574 1382 2620 τῇ
1411 2570 1646 2616 ’Δποκαλύψει
1668 2571 1795 2616 λέγων,
1827 2570 1892 2615 Γρ.
1913 2581 1945 2605 τ.
2018 2575 2020 2578 “

398 2632 534 2681 α’γγέλῳ
553 2635 604 2680 τῷ
623 2635 698 2678 τῆς.
725 2652 766 2659 —-
812 2633 834 2666 1.
852 2633 884 2667 3.
909 2629 1108 2677 ὀφθαλμοὺς
1133 2627 1236 2667 αύτοῦ
1255 2629 1305 2671 ὦς
1322 2631 1406 2664 ven.
1434 2649 1475 2656 -
1521 2630 1543 2666 l.
1566 2629 1599 2665 4.
1622 2626 1700 2666 οἶδά
1720 2638 1780 2663 ew
1797 2625 1842 2663 τὰ
1862 2626 1947 2672 ἔργα

399 2691 459 2726 καὶ
486 2690 551 2735 τήν
583 2691 693 2726 πίστιν
723 2692 806 2724 Ven.
833 2708 878 2715 —
922 2689 945 2723 l.
965 2692 997 2724 ὅ.
1023 2689 1132 2722 Verba
1163 2688 1223 2724 καὶ
1252 2686 1291 2724 ού
1322 2688 1416 2723 θέλει
1447 2687 1654 2732 μετανοῆσαι
1682 2696 1748 2719 σιιι.
1779 2685 1865 2718 Ven-
1902 2702 1946 2709 —

400 2748 423 2782 1.
448 2749 498 2782 10.
522 2745 722 2784 α’πατουσῶν
741 2750 814 2781 Bas.
837 2744 1035 2783 άπατουσων
1056 2748 1142 2779 Ven.
1168 2765 1210 2771 -
1257 2745 1279 2778 1.
1305 2746 1355 2780 11.
1382 2744 1442 2780 καὶ
1460 2743 1675 2788 Μαξιμίλλας
1692 2741 1788 2774 deest
1805 2741 1840 2774 in
1858 2742 1945 2775 Ven.

404 2804 492 2837 Idem
519 2805 600 2838 ibid.
627 2805 740 2850 pergit
762 2805 862 2850 paulo
885 2811 962 2849 post
985 2798 1032 2839 ὦν
1054 2801 1080 2847 ή
1101 2800 1215 2846 ἀπάτη
1239 2799 1278 2838 ού
1302 2801 1426 2846 λέληθε
1442 2799 1480 2836 τὸ
1502 2811 1556 2836 πν.
1577 2798 1615 2835 τό
1640 2795 1746 2843 ἅγιον.
1771 2817 1813 2824 -
1847 2798 1873 2832 1.
1891 2797 1944 2833 13.

402 2860 436 2895 ἐν
455 2861 506 2906 τῷ
531 2860 675 2906 στόματι
693 2863 752 2897 τοῦ
779 2861 878 2906 οἱγίου
907 2858 1064 2896 Ἰωάννου
1085 2857 1148 2903 πρὸ
1175 2858 1371 2904 κοιμήσεως
1393 2855 1496 2893 αὐτοῦ
1523 2853 1819 2900 προφητεύσαντος
1841 2853 1876 2891 έν
1891 2866 1945 2901 χρ.

402 2918 487 2950 Ven.
508 2935 555 2942 -
598 2918 621 2950 1.
654 2920 700 2952 15.
725 2919 900 2962 Καίσαρος
929 2917 989 2953 καὶ
1016 2914 1180 2952 ἀνωτάτω
1201 2918 1285 2949 Ven.
1307 2934 1353 2942 -
1388 2914 1472 2947 ibid.
1493 2909 1641 2957 ὑπῆρχεν
1661 2913 1747 2945 Ven.
1771 2930 1811 2938 —
1845 2912 1870 2946 l.
1895 2911 1944 2946 16.
2003 2905 2020 2934 ἶ

404 2973 580 3016 Θυατίροις
609 2975 692 3010 Ven.
718 2994 762 3000 -
807 2975 830 3008 1.
860 2975 912 3009 17.
938 2971 1005 3018 ἄρα
1035 2967 1092 3009 ούν
1123 2974 1206 3006 Ven.
1233 2992 1274 2998 —
1320 2970 1404 3005 lbid.
1437 2967 1512 3005 κατ’
1544 2968 1651 3004 έκεῖνο
1681 2969 1800 3012 καιροῦ
1829 2969 1945 3004 mml-

404 3030 489 3061 Ven.
513 3049 553 3053 —
579 3030 599 3061 l.
625 3032 674 3064 18.
700 3030 836 3074 ἔμελλεν
855 3033 937 3064 Ven.
959 3050 997 3056 —
1023 3031 1046 3063 1.
1065 3030 1121 3064 22.
1147 3029 1189 3068 οἱ,
1213 3035 1293 3062 ante
1314 3024 1423 3070 αύτοὶ,
1447 3037 1514 3059 om.
1537 3026 1621 3058 Ven.
1647 3044 1687 3050 ——
1736 3025 1759 3058 l.
1776 3025 1832 3060 23.
1853 3023 1944 3070 φημὶ

405 3084 444 3121 δὲ
460 3085 520 3121 τοῦ
543 3082 646 3121 αύτοῦ
663 3082 822 3122 Ἰωάννου
842 3089 923 3120 Ven.
964 3106 992 3114 -
1037 3087 1061 3122 l.
1085 3083 1141 3120 24.
1165 3083 1254 3133 τάχα
1275 3083 1339 3130 γὰρ
1361 3083 1420 3119 καὶ
1439 3083 1520 3117 ven.
1545 3101 1589 3108 —
1634 3081 1656 3115 l.
1678 3082 1733 3116 25.
1759 3080 1870 3116 Verba
1887 3079 1949 3117 καὶ
2018 3115 2020 3118 ⁴
