2020 3276
497 228 680 263 rammi
703 229 791 263 un.
809 230 1042 263 111.·1·0M.1.
1065 228 1197 262 men.
1216 228 1377 262 Lxxvi.
1626 215 1708 258 265

164 307 510 368 manaverat,
554 309 691 351 eadem
716 309 762 351 ad
786 309 900 350 finem
933 323 1055 364 usque
1084 309 1222 350 iisdem
1247 308 1295 350 de
1314 307 1456 358 rebus,
1501 319 1574 348 nec
1605 304 1710 347 alind

163 384 370 436 pletura
398 384 548 420 narrat.
608 375 703 419 Non
739 378 929 434 mysteria
962 377 1038 418 ulla
1060 377 1172 418 nobis
1205 376 1379 432 aperuit,
1423 390 1501 417 nou
1535 375 1584 417 de
1617 374 1708 425 deo,

161 459 278 505 pen
296 447 500 503 professus
519 452 619 495 erat,
653 445 799 498 docuit,
833 460 910 487 non
932 445 1061 497 fldem,
1094 446 1205 487 euius
1229 444 1425 501 praesidio
1447 443 1546 485 mira
1565 442 1711 485 facien-

162 521 226 558 tes
248 512 440 572 apostoli,
473 528 560 556 cum
582 513 746 556 solidam
771 513 947 556 veritatis
968 514 1259 555 contessionem
1284 512 1574 569 concepissent,
1607 524 1711 553 mor-

162 589 255 628 tuo·
273 582 522 635 excitarunt,
561 582 855 639 elephantiacus
881 589 1119 639 purgarunt,
1164 582 1317 637 aliaque
1343 581 1544 637 praeclare
1570 579 1711 621 cobae-

159 651 292 696 mii·
314 651 618 710 praestiterunt,
651 664 750 707 qnae
773 651 926 707 quidem
953 664 1046 693 vere
1073 665 1151 692 non
1173 650 1256 692 sola
1281 650 1412 705 speeie
1438 656 1606 705 patrata,
1639 662 1709 690 ve-

161 721 221 765 lut
240 728 470 776 argumenta
491 727 609 775 atque
638 719 780 761 indicia
807 720 1079 775 proferebant:
1122 726 1164 760 at
1186 718 1251 760 ille
1275 725 1411 759 eontra
1434 717 1529 759 nihil
1552 725 1710 774 praeter

161 789 399 834 vanissimas
421 796 460 831 et
492 795 679 831 ventosas
708 788 1027 845 syllogismorum
1060 786 1333 829 subtilitates
1322 801 1360 828 in
1387 787 1553 828 medium
1577 786 1708 837 affert,

162 872 262 926 quas
283 858 391 916 ipsas
418 857 634 914 repetendo
657 857 815 913 saepius
843 857 890 898 ad
916 856 1137 898 satietatem
1162 855 1331 911 ingerit,
1376 869 1449 896 nec
1471 854 1575 896 alind
1597 868 1711 909 prae·

161 934 272 971 ma
302 927 498 984 proponit.
559 924 759 980 Quocirca
789 925 976 967 lectorem
1010 931 1189 980 rogatum
1215 925 1417 975 volumus,
1461 937 1511 965 ne
1534 923 1569 964 id
1597 922 1710 964 nobis

161 994 262 1039 vitio
292 995 538 1038 tribuendum
573 994 775 1036 existimet
805 994 907 1050 quod
941 1001 983 1035 et
1014 993 1088 1050 ipsi
1112 992 1270 1049 saepius
1295 993 1430 1034 eadem
1462 999 1708 1047 repetamus,

163 1064 293 1122 qued,
331 1071 377 1107 ut
405 1063 460 1106 illi
493 1064 822 1120 respondeamus,
864 1063 996 1104 facere
1025 1061 1099 1103 hoe
1126 1061 1213 1103 loeo
1242 1062 1433 1118 cogimur.
1499 1058 1621 1116 lgitnr
1643 1074 1711 1115 ge-

164 1133 248 1176 nita
267 1132 447 1184 soboles,
490 1146 561 1188 pro
587 1145 635 1174 eo
657 1146 702 1173 ac
726 1131 966 1173 divinitatem
992 1131 1128 1182 decet,
1175 1130 1427 1172 immutabilis
1454 1139 1535 1183 est,
1581 1131 1649 1173 sed
1673 1138 1713 1172 et

165 1201 251 1259 ipae
270 1200 429 1258 genitor
447 1200 700 1242 immutabilis
720 1206 806 1251 est,
840 1199 1160 1255 quemadmodum
1185 1200 1381 1241 constanti
1402 1199 1524 1256 ipsius
1547 1206 1712 1241 naturae

164 1269 367 1313 convenit.
428 1266 617 1312 Ceterum
652 1268 809 1324 genitor
841 1268 895 1310 ita
930 1275 1086 1319 manet,
1133 1275 1176 1310 ut
1205 1282 1319 1323 quem
1355 1282 1377 1309 e
1409 1268 1542 1325 seipso
1576 1268 1713 1323 genuit

163 1345 355 1396 perpetuo
382 1350 517 1380 secum
550 1337 714 1389 babeat3
758 1351 831 1379 uec
865 1337 979 1378 ullam
1013 1336 1180 1378 conditis
1210 1350 1231 1378 a
1263 1350 1308 1378 se
1335 1337 1454 1378 rebus
1489 1336 1710 1393 suspicandi

163 1407 412 1450 occasionem
437 1405 623 1462 praebet,
669 1412 710 1447 ut
741 1405 804 1448 vel
829 1405 915 1447 sine
947 1405 1025 1447 filio
1058 1405 1280 1461 intelligere
1312 1413 1484 1462 patrem,
1528 1406 1591 1447 vel
1625 1405 1711 1447 sine

162 1482 274 1533 patre
293 1475 468 1532 genitum
494 1475 610 1517 lilium
625 1506 636 1526 ‚
680 1482 748 1516 ant
771 1476 985 1531 perfectum
1006 1473 1091 1516 eins
1116 1474 1318 1529 spiritum,
1357 1478 1469 1528 quia
1484 1482 1599 1528 patre
1617 1489 1710 1528 pro-

162 1546 284 1593 eane,
326 1545 510 1598 etaefilio
527 1546 688 1597 accipie,
734 1543 865 1584 animo
900 1542 1051 1599 possint
1084 1542 1309 1598 concipere.
1371 1543 1503 1598 Atque
1539 1544 1612 1586 boe
1641 1557 1711 1585 ua-

163 1620 252 1656 tura
283 1611 346 1655 dei
380 1612 538 1668 dignum
567 1619 651 1663 est,
696 1611 944 1667 maximeque
974 1617 1308 1663 consentaneum,
1354 1612 1497 1653 nullam
1519 1619 1562 1653 ut
1583 1612 1714 1668 splen·

163 1681 272 1725 doris
291 1681 561 1724 accessionem
584 1680 837 1722 extrinsecus
864 1680 1061 1736 requirat,
1107 1680 1176 1721 sed
1201 1686 1321 1722 totum
1347 1680 1438 1722 illud
1464 1688 1651 1738 perpetuo
1674 1681 1712 1722 in

162 1749 318 1808 propria
348 1749 553 1792 identitate
583 1749 799 1791 contineat.

186 1855 189 1858 ⁴
277 1817 387 1862 Aetii
411 1815 543 1875 Caput
563 1815 684 1859 xvi.
745 1815 790 1860 Si
818 1817 983 1873 ingeniti
1009 1831 1089 1860 vox
1113 1816 1370 1860 substantiam
1399 1819 1599 1875 exprimit,
1631 1833 1714 1861 me-

163 1886 241 1930 rito
279 1886 329 1930 ab
371 1887 492 1943 geniti
533 1885 773 1937 substantia,
825 1886 931 1928 velut
973 1886 1188 1928 membrum
1228 1886 1432 1929 divisionis
1475 1888 1711 1944 oppositum,

163 1955 415 1998 discernitur.
478 1953 550 1998 Sin
574 1962 703 1997 autem
731 1955 825 1996 nibil
847 1955 1006 1996 omnino
1031 1954 1260 1997 vocabulum
1288 1955 1380 1996 illud
1405 1956 1567 2011 ingeniti
1591 1956 1712 2012 signi-

164 2023 275 2075 neat,
316 2024 436 2066 multo
472 2023 599 2065 miuus
633 2023 754 2079 geniti
793 2037 871 2065 vox
903 2022 1045 2079 aliquid
1082 2022 1300 2080 exprimet3
1343 2038 1469 2080 neque
1506 2025 1711 2081 quiequam

162 2092 358 2149 supererit
380 2092 481 2148 quod
503 2092 542 2133 in
562 2091 755 2134 divisione
776 2091 888 2134 alteri
918 2093 1165 2148 respondeat.
1228 2092 1343 2149 Quod
1371 2093 1403 2134 si
1431 2093 1593 2148 ingeniti
1622 2107 1711 2150 pro-

161 2160 257 2203 latio
277 2159 361 2216 ipsa
385 2174 408 2202 a
430 2159 552 2216 geniti
574 2160 815 2216 prolatione,
859 2160 966 2202 velut
1000 2160 1213 2203 membrum
1241 2161 1446 2203 divisionis
1474 2163 1708 2218 oppositum,

163 2229 410 2280 secernitur,
452 2243 538 2270 cum
561 2228 775 2270 secundnm
801 2228 1156 2284 pronuntiationem
1180 2236 1353 2282 tacetur,
1396 2228 1711 2272 Christianorum

161 2311 269 2356 apem
292 2297 408 2339 modo
432 2297 630 2348 existere,
675 2296 791 2338 modo
811 2297 988 2351 extingui
1016 2310 1179 2340 neeesse
1208 2305 1293 2350 est,
1335 2312 1434 2354 quae
1458 2306 1538 2340 tota
1563 2298 1602 2340 in
1623 2313 1712 2354 pro-

160 2365 406 2409 nuntiatione
433 2364 645 2416 consistat,
679 2378 756 2406 non
781 2364 818 2406 iu
846 2365 1018 2416 naturis,
1062 2380 1163 2421 quae
1187 2366 1239 2408 ita
1270 2380 1360 2409 sese
1388 2366 1555 2408 habeant
1576 2373 1619 2409 ut
1643 2381 1711 2409 vo-

162 2433 387 2478 cabulorum
417 2433 650 2490 significatio
681 2433 764 2489 ipsa
795 2446 888 2489 prae
918 2446 962 2475 se
995 2434 1097 2476 lerre
1128 2434 1298 2477 videtur.

277 2499 439 2546 Confnt.
468 2500 587 2545 XVl.
650 2499 858 2556 Quomodo
898 2515 998 2556 quae
1039 2509 1176 2544 eontra
1216 2516 1260 2544 se
1302 2503 1448 2545 t'aeiunt
1488 2503 1711 2545 testimonia

160 2570 313 2628 priores
336 2584 528 2626 usurpare
548 2570 678 2612 solent
699 2569 724 2611 ii
750 2569 813 2625 qui
839 2570 1036 2611 rudiorum
1063 2571 1204 2613 animis
1238 2579 1436 2627 stuporem
1467 2571 1630 2613 iniicere
1654 2571 1711 2613 di-

161 2639 366 2683 dicerunt?
423 2638 580 2681 Etenim
612 2638 779 2688 Aetius,
822 2637 887 2693 qui
919 2637 1064 2680 insola
1091 2640 1433 2695 pronuntiatione,
1479 2654 1556 2681 non
1586 2640 1624 2682 iu
1652 2641 1710 2682 rei

161 2707 353 2759 veritate,
395 2721 502 2766 spem
539 2721 693 2749 omnem
726 2705 959 2756 collocavit,
1006 2705 1107 2749 istud
1133 2707 1259 2763 ipsum
1285 2707 1395 2749 nobis
1418 2708 1591 2750 obiicere
1617 2709 1711 2750 nibil

161 2782 224 2819 est
246 2775 421 2828 veritus,
465 2790 553 2818 eum
576 2776 659 2832 ipse
684 2774 746 2816 dei
770 2774 886 2816 lilium
912 2774 1103 2830 deumque
1126 2782 1274 2831 patrem
1298 2776 1382 2817 sola
1407 2790 1506 2817 voce
1533 2777 1709 2820 confiteri

161 2857 240 2887 non
264 2844 480 2886 erubuerit.
542 2842 645 2886 Nam
668 2843 768 2899 quod
803 2844 850 2883 ad
878 2856 949 2883 nos
983 2842 1146 2893 attinet,
1181 2844 1396 2885 naturalem
1421 2844 1597 2901 inprimis
1618 2859 1708 2888 esse

161 2919 310 2969 patrem
336 2912 576 2964 asserimus,
622 2919 661 2954 et
681 2910 895 2954 naturalem
921 2910 1037 2952 mium
1053 2942 1064 2962 ‚
1109 2918 1149 2952 et
1176 2912 1388 2954 naturalem
1415 2913 1593 2970 spiritum
1617 2929 1709 2958 san-

160 3026 266 3116 Q
286 3030 380 3069 repet.
400 3028 508 3060 vitiose
527 3030 695 3061 exoratum
716 3023 915 3070 nequas-6³10·
1006 3022 1036 3059 4.
1069 3027 1166 3069 Viduo
1189 3023 1299 3070 μόνος.

1763 1496 1865 1559 15‚²s‘.
