2020 3276
419 260 604 296 aman
627 261 714 295 Lm.
734 261 792 294 m.
811 261 924 295 ΤοΜ.
941 262 983 295 11.
1007 261 1141 296 nan.
1159 262 1339 296 Lxxvn.
1563 253 1646 295 389

99 346 297 401 punta-
319 341 425 384 illam
447 340 659 398 significari
677 340 794 393 volo,
827 341 895 382 sed
919 354 1006 382 eam
1027 355 1126 397 quae
1147 341 1194 383 ad
1217 342 1406 384 honestos
1427 341 1532 384 vitae
1551 355 1646 384 usus

98 408 302 467 ..σῶμα
330 409 567 467 requiritur,
610 423 787 465 quaeque
816 409 910 451 nihil
935 409 1052 450 habet
1083 410 1184 465 qnod
1211 409 1452 452 divinitatem
1478 424 1556 452 non
1579 410 1647 452 de-

97 477 231 532 eant),
273 476 342 534 qui
371 478 525 520 tandem
562 477 738 530 esurire,
784 477 848 519 vel
881 477 1050 519 esuriem
1082 478 1258 533 cogitare
1288 478 1439 534 potuit?
1496 476 1647 520 Dolore

97 559 196 589 vero
217 546 411 603 quomodo
435 546 559 603 potuit
579 545 702 597 affici,
745 546 778 587 si
800 545 927 588 anima
953 552 1084 587 mente
1106 560 1152 587 ac
1179 546 1436 588 ratiocinandi
1464 547 1648 588 facultate

98 615 282 659 deantur·
306 615 445 667 fuerit,
480 622 521 656 ut
547 621 615 656 aut
635 614 802 656 rationis
822 628 969 670 expers
992 620 1121 666 esset,
1168 621 1234 655 aut
1255 614 1423 656 animam
1447 629 1539 656 caro
1562 614 1648 656 nul-

97 681 383 727 tan-baberet?
442 679 564 725 Certe
583 683 616 725 si
643 683 832 725 eiusmodi
854 682 949 736 fuit,
981 682 1116 724 dolore
1140 682 1246 724 nullo
1266 683 1330 724 vel
1351 697 1532 724 moerore
1553 697 1648 725 con-

97 750 199 795 trahi
231 751 369 808 potuit.
433 749 536 794 Sunt
567 758 605 793 et
639 751 713 793 alia
751 750 910 808 generis
945 751 1119 793 eiusdem
1153 750 1457 806 quamplurima;
1505 751 1646 806 quibus

95 819 226 866 nat-o
245 820 538 877 comprehensis
566 819 858 875 intelligendum
884 818 977 861 illud
1001 819 1114 862 nobis
1139 827 1225 871 est,
1270 818 1462 861 eiusmodi
1488 819 1646 861 cavilla-

96 888 226 932 unm
253 895 295 931 et
317 889 492 944 argutias
524 888 664 930 inanes
690 902 736 930 ac
763 901 1080 945 supervacaneas
1114 901 1229 939 esse,
1273 894 1314 928 et
1333 888 1380 930 ad
1404 888 1557 929 illorum
1591 888 1647 929 le-

95 956 255 1001 riendos
283 956 435 999 animos
467 964 647 1014 spectare
678 956 829 1012 potius,
873 956 938 1012 qui
964 957 1066 998 ultra
1099 970 1213 1012 quam
1242 970 1314 1012 par
1343 963 1404 998 est
1431 957 1576 998 efferre
1602 970 1647 999 se

95 1024 347 1082 intelligendo
386 1026 543 1076 volunt,
594 1039 721 1081 neque
751 1039 795 1066 se
831 1038 879 1066 eo
913 1025 1040 1066 metiri
1074 1025 1230 1067 modulo
1262 1038 1308 1066 ac
1340 1038 1549 1077 mensura,
1599 1024 1646 1066 ad

97 1106 213 1150 quam
242 1107 316 1137 noa
341 1093 612 1136 sanctissimus
647 1094 824 1135 hortatur
859 1094 1084 1150 apostolus,
1132 1108 1218 1135 cum
1250 1092 1308 1135 sic
1337 1094 1543 1135 admonet:
1586 1095 1646 1133 Ne
1658 1104 1746 1134 nom.
1756 1104 1834 1139 ιη.
1896 1094 1907 1100 ’
1927 1112 1936 1124 =

97 1165 288 1217 mab-us
308 1170 574 1217 praeterquam
604 1165 705 1216 quod
731 1170 878 1216 oportet
904 1177 1050 1216 sapere.

210 1230 372 1274 Atenim
398 1230 604 1273 nonnullas
636 1231 854 1287 scripturae
877 1231 992 1273 nobis
1015 1229 1271 1272 auctoritates
1297 1229 1501 1272 obiiciunt.
1564 1227 1645 1272 Cu·
1709 1237 1788 1279 Cap.

100 1299 269 1341 imnodi
292 1298 395 1341 istud
417 1306 499 1340 est.
543 1301 625 1339 Nos
646 1307 769 1340 autem
790 1307 944 1340 mentem
965 1301 1113 1340 Chresti
1130 1301 1327 1348 habemus,
1371 1306 1433 1351 et,
1469 1301 1639 1348 Videsne,
1659 1283 1853 1364 ''gffijfflsa

98 1367 300 1424 inquiunt,
345 1370 492 1408 Chr-iret
523 1375 678 1408 mentem
705 1382 729 1408 α
751 1376 884 1408 nostra
909 1383 990 1408 esse
1021 1370 1236 1408 diversam?
1294 1365 1330 1410 Ο
1354 1367 1555 1409 mirificam
1580 1367 1650 1409 ho-

96 1436 243 1479 minum
264 1435 520 1493 imperitiam!
582 1435 686 1477 Nam
713 1436 759 1477 ad
782 1436 882 1492 quod
909 1435 1048 1491 cuique
1071 1435 1219 1477 libitum
1241 1442 1303 1477 est
1323 1436 1541 1492 scripturae
1564 1449 1650 1477 ser-

97 1518 236 1547 mones
259 1504 551 1556 accommodat,
585 1511 625 1546 et
650 1504 687 1545 in
717 1519 794 1560 qno
826 1504 988 1546 callidus
1014 1511 1051 1545 et
1077 1511 1240 1560 argutus
1272 1518 1361 1546 esse
1384 1505 1563 1556 videtur,
1606 1503 1646 1545 in

95 1587 146 1616 eo
165 1572 253 1630 ipao
274 1572 382 1615 rudis
405 1579 520 1628 atque
541 1572 745 1629 imperitus
767 1573 959 1614 cernitur.
1022 1571 1179 1614 Etenim
1203 1573 1303 1628 quod
1327 1574 1373 1615 ad
1397 1587 1469 1615 nos
1490 1572 1645 1624 attinet,

97 1633 163 1698 qni
188 1644 358 1696 &periti
373 1656 544 1683 sermone
568 1656 719 1690 sumus,
764 1656 838 1682 non
860 1644 1039 1690 seientia,
1083 1641 1139 1683 uti
1162 1641 1348 1697 scriptum
1375 1648 1458 1693 est,
1502 1641 1644 1697 quique
1663 1652 1852 1690 aeonum.

95 1714 143 1752 et
159 1709 381 1752 mediocres
408 1710 614 1752 admodum
638 1724 802 1762 sumus,
836 1717 876 1751 et
901 1709 1118 1751 istiusmodi
1143 1709 1363 1761 hominum,
1397 1710 1460 1766 qui
1485 1710 1533 1751 ab
1557 1724 1647 1752 eru-

97 1777 244 1820 ditione
267 1777 504 1835 paratissimi
528 1786 644 1830 sunt,
677 1778 917 1820 admiramur
940 1778 1116 1834 ingenia,
1149 1778 1279 1819 animo
1300 1778 1557 1820 vehementer
1578 1778 1648 1820 ob-

96 1845 380 1903 stupescimus,
423 1847 524 1903 qnod
558 1847 605 1888 ad
634 1847 791 1888 inanem
822 1861 869 1888 ac
901 1847 1140 1902 pertinacem
1172 1860 1285 1888 suum
1315 1846 1431 1888 istum
1467 1860 1644 1889 errorem

95 1915 418 1967 asseverandum,
453 1915 560 1957 illum
588 1915 748 1957 omnino
774 1915 993 1972 scripturae
1020 1915 1147 1957 locum
1170 1915 1317 1957 afferre
1340 1930 1416 1956 non
1442 1915 1646 1957 dubitave-

96 1982 198 2035 rint,
239 1996 327 2024 cum
350 1997 402 2025 ne
426 1983 623 2025 minimam
659 1983 813 2040 quidem
848 1983 963 2026 istius
997 1983 1189 2040 dogmatis
1225 1983 1550 2039 significationem
1577 1982 1646 2025 ha*—

98 2051 204 2093 beat.
264 2052 345 2092 Nos
373 2054 492 2100 enim,
535 2051 659 2108 inquit
691 2052 914 2108 apostolus,
960 2055 1109 2093 Clmstae'
1132 2060 1287 2093 mentem
1312 2053 1502 2093 habemus.
1567 2049 1647 2107 Igi-

100 2126 164 2162 tur
185 2118 275 2174 quid
299 2125 445 2160 tantem
470 2116 654 2162 Christus
688 2120 763 2172 sit,
808 2118 1037 2176 Christique
1071 2135 1208 2172 mens,
1252 2121 1300 2162 de
1324 2120 1400 2163 illis
1423 2121 1645 2177 percontari

99 2201 172 2231 nos
199 2193 371 2244 oportet.
432 2185 520 2228 Hoc
547 2187 700 2243 quidem
723 2187 761 2230 in
785 2189 872 2230 loco
895 2188 997 2231 aliud
1022 2203 1112 2231 esse
1137 2187 1364 2246 Christum,
1400 2189 1503 2230 aliud
1530 2186 1647 2231 Chri-

99 2256 150 2299 sti
170 2255 440 2307 divinitatem,
481 2254 664 2297 arbitrari
689 2269 733 2299 se
754 2257 1040 2299 demonstrant.
1104 2257 1165 2299 Ac
1189 2257 1222 2299 si
1250 2258 1392 2299 mentis
1418 2257 1505 2299 loco
1530 2254 1647 2299 Chri·

100 2331 202 2368 stum
227 2323 444 2380 accipiant,
492 2321 692 2366 Christum
726 2338 823 2366 vero
851 2325 974 2367 solam
1001 2339 1022 2367 a
1045 2323 1206 2367 Christo
1232 2332 1453 2381 susceptam
1481 2324 1648 2366 hominis

107 2399 286 2436 naturam
320 2391 538 2448 appellent,
586 2392 625 2433 in
663 2391 776 2434 aliam
815 2406 888 2434 nos
925 2394 1191 2449 quaestionem
1229 2393 1457 2435 coniiciunt.
1532 2391 1648 2447 Quod

101 2461 222 2519 igitur
251 2467 340 2519 post
363 2459 672 2502 incarnationem
706 2460 767 2501 dei
791 2460 953 2503 verbum
982 2475 1028 2503 ac
1051 2461 1113 2503 dei
1139 2462 1240 2504 iilius
1272 2462 1516 2513 declaretur,
1560 2474 1649 2517 per-

102 2529 276 2587 spicuum
300 2536 386 2581 est3
418 2542 462 2570 ac
487 2527 642 2570 tametsi
668 2528 852 2570 nonnulla
878 2528 924 2570 de
945 2542 992 2571 ea
1014 2529 1236 2572 testimonia
1258 2529 1547 2571 antecesserint
1565 2528 1649 2584 qui-

100 2597 175 2642 hus
201 2598 381 2640 velante
414 2596 723 2638 incarnationem
751 2593 934 2639 Christus
967 2597 1152 2653 appellari
1189 2598 1369 2650 videtur,
1411 2597 1449 2638 in
1474 2597 1556 2652 ipsa
1589 2596 1650 2638 ni·

102 2665 313 2710 bito-inus
352 2665 626 2707 incarnatione
659 2664 918 2721 complentur.
993 2662 1180 2707 Ceterum
1221 2680 1347 2721 neque
1381 2665 1566 2707 divinitas
1600 2664 1649 2706 ab

104 2734 187 2792 ipsa
224 2732 373 2776 Christi
406 2733 664 2790 appellatione
695 2732 931 2784 secluditur,
978 2746 1103 2789 neque
1130 2733 1233 2775 illius
1264 2733 1481 2775 incarnatio
1512 2740 1552 2775 et
1580 2732 1650 2775 hu-

105 2816 220 2844 mana
251 2808 432 2859 suscepta
470 2809 607 2843 natura
634 2800 720 2843 sine
751 2800 817 2843 tali
850 2801 1041 2843 vocabulo
1068 2801 1306 2843 nominatur.
1369 2799 1490 2843 Velut
1518 2801 1557 2843 in
1584 2801 1651 2843 illo

102 2869 190 2911 loco
212 2877 388 2912 constan
422 2872 482 2910 Ne
502 2873 647 2911 diteris
673 2873 711 2910 in
736 2872 849 2909 corde
874 2877 957 2918 tuo,
993 2872 1085 2922 Quis
1109 2872 1278 2910 aseendit
1301 2873 1339 2910 in
1362 2871 1535 2910 coelum?
1576 2872 1647 2911 hoe
1662 2885 1750 2915 non.
1770 2885 1848 2922 10‚s.

102 2945 162 2979 est
178 2940 367 2979 Christum
387 2941 590 2987 deducere;
624 2946 704 2987 aut,
741 2940 831 2990 Quis
854 2940 1051 2978 descendet
1071 2941 1110 2978 in
1130 2939 1303 2991 abyssum
1317 2942 1336 2977 Ρ
1366 2940 1436 2979 hoe
1456 2946 1513 2979 ese
1537 2941 1647 2980 Cleri-

102 3013 198 3046 stum
219 3022 240 3046 e
267 3009 423 3047 mortens
444 3009 639 3047 deducere.
707 3004 916 3047 Praeterea
943 3005 1043 3047 idem
1070 3006 1152 3062 ipse
1184 3005 1241 3047 sic
1274 3005 1470 3062 loquitur:
1520 3010 1569 3049 Ut
1588 3022 1649 3049 co·
1661 3022 1850 3059 tou-‚ma

100 3082 289 3126 guest-ant
323 3082 358 3114 te
392 3076 510 3115 solum
548 3078 653 3115 deum
667 3106 676 3122 ,
726 3082 763 3115 et
796 3089 901 3129 quem
938 3077 1076 3115 misisti
1106 3077 1227 3116 Iesum
1265 3077 1469 3117 Christum.
1535 3075 1648 3136 Quae
