2020 3276
438 235 621 270 rammi
645 234 731 268 Lm.
745 235 806 268 ιιι.
829 234 939 268 ΤοΜ.
955 236 997 268 ιι.
1022 234 1349 268 mna.1.xxv¹i.
1576 224 1659 266 349

113 314 325 360 mlii.
386 314 652 372 Quamobrem
685 329 772 357 cnm
806 314 881 356 boc
914 328 935 356 a
966 315 1136 356 satellite
1165 314 1390 370 vapularet,
1434 312 1544 370 quasi
1575 313 1659 369 ipse

108 388 336 445 plentur,
369 387 468 438 Quid
486 399 566 434 ne,
598 383 744 440 inquit,
787 386 946 427 caedetez
985 397 1149 438 cumque
1173 384 1279 438 tangi
1304 390 1442 425 natura
1467 396 1544 424 non
1566 396 1657 438 pos·
1710 391 1818 461 fang·

108 457 197 506 011,
241 453 493 496 nibilominus
528 451 650 503 dixit,
695 455 859 493 Dorsum
894 466 1011 492 meum
1045 454 1135 492 ded1
1162 455 1201 492 in
1220 454 1409 507 flagella,
1454 460 1494 492 et
1519 452 1656 505 sacten·

108 531 228 564 “a
244 525 462 564 mmet
475 536 500 563 a
519 525 654 575 sputu.
717 518 832 575 Quae
856 519 959 562 enim
988 519 1155 562 humana
1180 521 1291 561 verbi
1316 528 1456 562 natura
1481 519 1846 576 patieba·13ut⁵o,a

110 594 200 643 tur,
242 589 339 633 baec
362 592 571 648 ipsummet
594 589 794 631 verbum
784 603 822 630 ιιι
848 602 939 631 sese
962 589 1180 630 transferre
1210 589 1358 640 voluit,
1404 596 1447 630 ιιι
1468 603 1540 630 nos
1561 587 1659 629 divi-

112 657 248 702 nitatis
281 658 393 701 verbi
428 658 639 716 participes
674 671 763 699 ease
797 671 1017 713 possemus.
1082 654 1169 711 Qua
1202 657 1240 697 in
1267 671 1312 698 re
1335 657 1536 713 singulare
1567 656 1659 698 illud

109 726 278 780 addit,
324 727 426 770 idem
450 734 495 770 ut
527 726 680 784 patiens
701 733 831 778 esset,
878 732 920 767 et
943 725 1038 767 nihil
1072 725 1250 782 patiens,
1295 726 1448 781 patiens
1485 725 1656 781 quidem,

111 795 216 853 qnod
235 795 434 855 proprium
465 795 552 839 eius
579 802 781 852 pateretur
814 808 980 850 corpus,
1026 800 1066 835 et
1088 794 1128 835 in
1149 794 1320 850 patiente
1341 793 1427 850 ipso
1450 794 1658 846 resideret,

109 863 208 907 -ΊιίΙ
231 864 385 922 patiens
410 878 531 918 vero,
571 864 674 920 quod
696 877 783 905 cnm
809 862 973 905 verbum
998 869 1137 904 natura
1159 863 1256 904 deus
1276 863 1352 913 sit,
1397 862 1446 904 ab
1465 862 1570 904 omni
1594 876 1662 919 pa-

111 931 234 976 uendi
262 933 488 976 conditione
518 933 571 975 sit
600 932 787 974 immune.
850 929 1049 986 Quocirca
1084 931 1247 973 verbum
1283 931 1437 987 quidem
1470 930 1595 987 ipsum
1620 931 1659 972 in

110 1001 260 1059 ’,13δίΙὶ
291 1015 458 1059 corpore
483 999 759 1058 incorporeum
786 999 882 1052 fuit,
924 1014 1067 1056 corpus
1099 1007 1229 1041 autem
1260 999 1471 1056 impatibile
1497 999 1660 1041 verbum

111 1068 249 1113 matt
268 1069 311 1113 in
327 1084 419 1113 aeae
433 1101 446 1122 ,
478 1069 580 1126 quod
601 1069 661 1111 sui
685 1069 864 1125 corporis
886 1068 1174 1110 imbecillitates
1199 1069 1468 1125 extingueret.
1530 1068 1659 1124 Atque

112 1138 189 1182 boe
210 1152 261 1182 eo
281 1138 447 1182 coneilio
472 1138 661 1191 faciebat,
692 1138 824 1194 itaque
843 1151 888 1179 se
910 1136 1057 1179 habere
1077 1137 1285 1191 voluerat,
1318 1145 1362 1180 ut
1381 1144 1514 1180 nostra
1537 1137 1662 1178 susci-

113 1207 250 1264 piens,
294 1207 401 1250 etin
427 1206 661 1250 sacrificium
697 1206 871 1248 offerens
905 1204 1076 1247 funditus
1108 1206 1282 1258 deleret,
1330 1221 1376 1248 ac
1400 1207 1554 1248 demum
1579 1206 1662 1248 suis

112 1289 188 1318 noo
210 1275 496 1333 quodammodo
530 1276 705 1317 vestiens
728 1274 978 1316 occasionem
1003 1274 1181 1331 apostolo
1203 1274 1315 1317 daret
1336 1275 1411 1318 ista
1436 1275 1658 1316 scribendi:

114 1346 273 1399 opor-eet
285 1345 532 1398 corruptibile
547 1344 618 1384 hoe
639 1347 795 1385 induem
815 1346 1147 1397 incorruptionem,
1179 1351 1219 1384 et
1237 1346 1396 1385 mortale
1414 1346 1486 1384 hoc
1507 1345 1662 1384 manere

113 1414 445 1454 muudum.

225 1478 340 1536 Quae
363 1481 494 1523 omnia
528 1495 606 1522 non
639 1480 726 1522 ficte
749 1494 796 1523 ac
821 1480 1003 1523 simulate
1025 1488 1135 1537 gesta
1156 1488 1270 1533 sunt3
1314 1481 1472 1523 minime
1507 1481 1660 1537 quidem
1688 1483 1844 1530 Cap-IX·

112 1554 157 1592 ut
178 1549 356 1593 nonnulli
381 1563 585 1607 perperam
612 1549 875 1591 arbitrantur:
921 1550 989 1591 sed
1013 1564 1100 1592 cum
1125 1550 1301 1592 salvator
1321 1564 1456 1592 verum
1481 1563 1524 1592 sc
1546 1551 1662 1592 fecis·

112 1624 177 1660 oet
194 1617 414 1670 bominem,
455 1618 575 1660 totius
608 1624 670 1660 est
695 1618 863 1660 hominis
888 1619 995 1661 salus
1025 1626 1254 1660 consecuta.
1314 1618 1418 1661 Nam
1443 1620 1476 1662 si
1503 1620 1662 1662 simula-

113 1685 223 1729 tione
242 1686 327 1729 tola
360 1685 551 1739 verbum,
597 1693 639 1728 ut
664 1686 720 1728 illi
745 1689 944 1739 sentiunt,
989 1693 1097 1729 esset
1122 1686 1161 1729 in
1188 1701 1378 1742 corpore,
1411 1689 1511 1744 quod
1533 1696 1661 1730 autem

107 1754 365 1800 sudatione
389 1768 479 1797 esse
510 1754 596 1797 sola
617 1755 759 1798 dicitur
789 1756 1062 1812 imaginarium
1089 1762 1171 1808 est,
1219 1770 1466 1812 consequens
1491 1764 1599 1799 esset
1620 1765 1662 1798 ut

112 1828 157 1865 et
176 1821 286 1867 ulna
309 1823 508 1866 bominum
534 1837 581 1865 ac
608 1824 851 1866 resurrectio
884 1824 1054 1880 imagine
1078 1825 1163 1867 sola
1188 1831 1228 1866 et
1250 1825 1544 1867 adumbratione
1577 1825 1661 1867 lieri

112 1889 334 1944 liceretur,
364 1905 466 1948 quae
487 1898 551 1934 est
571 1892 677 1950 impii
703 1890 928 1935 Manichaei
947 1892 1161 1935 sententia.
1222 1893 1343 1950 Atqui
1366 1908 1443 1936 non
1468 1895 1551 1936 sola
1574 1907 1662 1951 spc-

114 1958 177 2002 de
196 1967 420 2017 comparata
442 1960 555 2003 nobis
576 1960 685 2003 salus
709 1968 795 2013 est,
840 1969 907 2003 aut
929 1961 1004 2003 soli
1029 1961 1172 2004 tributa
1198 1963 1380 2020 corpori,
1422 1964 1491 2005 seil
1515 1963 1584 2004 toti
1605 1962 1664 2004 vi-

114 2025 259 2070 delieet
288 2026 460 2080 bomini,
503 2028 683 2081 animae,
725 2029 908 2086 inquam,
952 2031 1109 2087 corpori
1141 2031 1249 2074 salus
1281 2039 1341 2073 est
1368 2032 1498 2087 reipsa
1530 2033 1663 2075 conci-

114 2095 224 2139 liata.
285 2093 425 2153 ltaque
457 2110 599 2153 corpus
632 2097 724 2139 illud
761 2098 993 2151 salvatoris,
1035 2099 1162 2156 quod,
1209 2107 1251 2142 ut
1276 2114 1413 2143 sacrae
1441 2101 1577 2144 literae
1604 2108 1663 2143 te-

113 2170 292 2217 ata-tur,
324 2178 348 2207 e
371 2162 501 2207 Maria
524 2165 766 2220 desumptum
787 2173 874 2219 eat,
907 2166 1115 2210 humanum
1139 2182 1186 2211 ac
1207 2183 1343 2211 verum
1369 2170 1517 2212 extitit.
1580 2168 1663 2212 Ve-

114 2246 225 2286 rum,
266 2233 449 2289 iuquam,
492 2239 700 2289 propterea
724 2234 825 2290 quod
846 2235 947 2277 idem
971 2237 1130 2279 omnino
1150 2251 1237 2279 eum
1263 2245 1400 2280 nostro
1426 2239 1513 2280 suit.
1574 2236 1663 2280 Ma-

112 2301 175 2345 ria
197 2301 337 2359 quippe
360 2315 477 2344 soror
498 2308 635 2343 nostra
662 2301 758 2353 fuit,
800 2317 887 2345 cum
914 2304 963 2346 ab
989 2305 1144 2347 Adamo
1173 2306 1366 2363 originem
1390 2320 1528 2349 omnes
1548 2319 1661 2349 acce-

114 2369 303 2428 perimus.
364 2368 507 2426 Neque
529 2382 626 2412 vero
658 2370 907 2414 dubitandum
932 2386 978 2415 ea
1002 2374 1050 2415 de
1069 2387 1113 2416 re
1140 2375 1312 2431 putabit,
1356 2376 1477 2431 siquis
1506 2388 1552 2416 ea
1580 2389 1661 2417 me-

113 2438 272 2482 minerit
304 2452 405 2495 quae
439 2445 532 2481 sunt
555 2452 578 2481 a
606 2436 716 2480 Luca
741 2439 903 2495 scripta.
965 2438 1066 2484 Cum
1092 2443 1195 2485 enim
1229 2450 1318 2500 post
1350 2443 1454 2485 illius
1482 2457 1659 2486 resurre-

113 2506 284 2551 ctionem
315 2507 491 2550 nonnulli
524 2507 820 2564 suspicarentur
848 2522 926 2550 non
953 2509 992 2551 in
1019 2511 1157 2553 eodem
1180 2510 1248 2553 illo
1272 2526 1436 2567 corpore
1462 2511 1563 2567 quod
1590 2522 1662 2553 ex-

113 2589 293 2634 Μαι
317 2589 340 2618 e
363 2574 492 2618 Maria
516 2576 641 2618 l'uerat
665 2574 861 2620 dominum
885 2590 975 2619 aeae
997 2578 1202 2632 contueri,
1234 2579 1303 2622 sed
1328 2579 1414 2621 eius
1436 2579 1524 2621 loco
1547 2580 1661 2636 spiri-

115 2649 196 2687 tum
222 2644 384 2697 oll'erri,
428 2643 484 2687 sic
506 2658 576 2686 eos
605 2644 798 2686 allocutus
833 2651 916 2687 este
962 2648 1092 2688 Videte
1111 2662 1246 2689 monus
1269 2656 1308 2689 ee
1321 2650 1434 2702 pedes
1460 2662 1578 2697 meos,
1623 2656 1662 2690 ee
1677 2660 1751 2692 nue-
1761 2662 1864 2701 aa.

114 2715 275 2768 maffia
297 2715 510 2764 clavorum,
544 2717 717 2768 quoniam
739 2728 809 2767 ego
832 2728 913 2754 eum
936 2717 1036 2768 epse,
1074 2718 1229 2771 palpate
1250 2724 1287 2758 et
1307 2719 1445 2766 videte,
1488 2720 1660 2771 quomam

113 2783 273 2836 spii-itus
309 2796 458 2823 earnem
489 2790 527 2823 et
553 2797 638 2823 osso
663 2798 737 2823 non
760 2783 895 2831 habet,
936 2786 1039 2823 sibu!
1068 2798 1124 2824 nie
1156 2787 1289 2825 veilent
1321 2785 1483 2826 haber-e.-
1526 2787 1661 2840 quibus

115 2851 227 2891 dibus
248 2853 411 2891 attendit
431 2853 510 2892 :llis
532 2865 664 2892 manus
682 2859 720 2891 et
734 2853 862 2905 pedes.
928 2848 993 2893 Ex
1017 2866 1094 2907 quo
1114 2851 1168 2895 illi
1193 2853 1483 2909 redarguuntur
1503 2854 1567 2910 qui
1591 2854 1661 2897 do-

159 2938 572 2998 4.γὲγονιναδυιαΒ.
913 2933 1268 2987 ηνίντῷεάρήπο.
1300 2945 1663 2987 praepetum-ium

160 2986 191 3019 ὁ.
218 2984 244 3021 τ·
269 2996 350 3021 om
374 2996 446 3031 γιγ.
473 2986 507 3022 ἐν
519 2983 623 3042 αυτῷ
645 2988 695 3032 τῷ
718 2985 808 3031 λόγω
831 2988 869 3021 Β.
912 2988 1059 3021 comma
1079 2991 1200 3022 ποιαυιι
1223 2989 1380 3024 Petam

160 3030 195 3066 6.
217 3044 262 3087 '²2'
284 3029 324 3067 τό
331 3042 454 3086 σωμα
476 3032 536 3068 τοῦ
559 3045 601 3068 κν
603 3033 673 3077 ρίου
698 3034 731 3067 Β.
959 3034 1063 3077 ἁμα
1072 3033 1164 3074 ,καὶ
1184 3036 1220 3068 Β.

160 3076 194 3112 7.
230 3089 275 3122 ην
296 3076 348 3122 τῷ
380 3075 435 3121 (τὸ
468 3079 537 3112 eod.
566 3079 646 3124 Im.)
676 3079 766 3112 codd.
795 3087 868 3112 um.
960 3076 992 3112 9.
1018 3044 1184 3121 ἐπίδειξιν
1209 3081 1243 3113 Β.
