2020 3276
342 227 529 263 rammi
553 227 639 261 Lm.
659 227 720 260 m.
741 226 855 261 ΤοΜ.
874 227 914 260 ιι.
936 226 1092 259 expos.
1115 225 1202 259 Fm.
1226 223 1419 258 cA'rnoL.
1571 214 1652 256 505

99 310 304 366 m
333 321 452 359 esse,
498 307 682 350 mundum
707 306 832 363 ipsum
866 306 1132 356 initiatorum,
1173 304 1304 347 afflatu
1331 303 1530 346 numinum
1566 316 1654 344 cor·

102 383 263 436 ψ’,
293 377 606 420 ceremoniarum
637 389 683 418 ac
714 375 858 417 rituum
889 374 1014 417 vicem
1046 374 1240 416 obtinere.

188 443 393 491 Peneus
425 444 581 488 Zenoni
611 444 767 501 penitus
797 443 1029 500 astipulatus
1058 450 1135 484 est.

183 511 467 585 Chrysippus
487 513 668 557 Solensis
694 513 869 555 nefarias
890 519 930 554 et
956 511 1113 553 illicitas
1141 511 1250 566 leges
1276 509 1425 552 sanxit.
1485 506 1591 551 Nam
1615 515 1655 550 et

104 581 209 628 11111
227 596 317 627 eun
329 562 528 625 matribus
549 589 591 624 et
612 596 699 624 cum
728 581 880 623 filiabus
903 587 1035 637 patres
1065 580 1322 621 commiscere
1350 592 1518 634 corpora
1545 577 1655 619 vole-

102 650 188 703 ht.
248 649 294 694 ln
316 651 464 694 ceteris
494 665 582 693 enm
605 647 790 694 Cittieusi
817 649 983 692 Zenone
1005 648 1215 690 sentiebat.
1280 648 1462 690 Addebat
1480 653 1522 688 et
1543 646 1653 697 illud,

106 718 348 765 eth-nnis
370 719 557 762 carnibus
579 719 819 762 vescendum
843 724 1052 761 statueret.
1113 715 1300 759 Ultimum
1323 716 1515 758 bonorum
1540 715 1654 757 linem

102 787 238 837 nni-i
252 787 496 831 iucunditate
525 787 776 830 metiebatur.

147 892 150 893 γ
203 853 426 914 ,Diogenes
456 855 700 914 Babylonius
729 855 862 898 omnia
891 868 943 897 ex
974 855 1175 911 voluptate
1205 861 1389 895 constare
1420 852 1624 895 censebat.

152 1018 154 1021 >
216 991 436 1040 Panaetius
458 993 638 1037 Rhodius
670 994 854 1036 mundum
874 992 1086 1035 affirmabat
1109 992 1367 1035 immortalem
1382 1023 1394 1042 ‚
1441 1003 1570 1046 neque
1594 1003 1659 1032 se·

105 1061 173 1107 nio
192 1076 242 1107 eo
266 1069 463 1106 vetustate
490 1063 646 1106 confici.
710 1061 1004 1106 Divinatiouem
1039 1061 1213 1104 funditus
1235 1060 1480 1117 repudiabat.
1543 1056 1658 1113 Quae

103 1131 155 1177 de
176 1131 256 1175 deo
276 1138 535 1183 asseruntur,
569 1131 788 1174 evertebat.
850 1129 1054 1174 Summum
1084 1129 1254 1173 hominis
1277 1129 1421 1171 bonum
1445 1129 1486 1170 in
1510 1127 1658 1170 divitiis

104 1213 155 1244 eo
180 1200 354 1244 mileto
384 1200 569 1257 ponebat.

208 1266 458 1323 ‘Posidonius
492 1269 730 1325 Apamensis
761 1283 955 1311 summum
990 1267 1160 1310 bominis
1194 1267 1340 1309 bonum
1370 1266 1411 1308 iu
1442 1265 1590 1308 divitiis
1620 1271 1661 1306 et

104 1337 275 1381 sanitate
305 1337 489 1395 ponebat.

218 1406 502 1450 Athenodorus
523 1405 742 1449 Tarsensis
764 1406 901 1448 eadem
924 1419 1012 1448 cum
1030 1403 1254 1462 Chrysippo
1280 1418 1327 1446 ac
1354 1402 1522 1446 Zenone
1565 1403 1660 1458 dog-

104 1481 211 1519 mata
237 1474 379 1519 tenuit.

219 1541 441 1601 Epicurus,
471 1542 640 1586 Neoclis
664 1543 791 1595 filius,
823 1543 995 1586 Athenis
1017 1543 1207 1585 educatus
1225 1541 1513 1599 voluptuariam
1537 1539 1657 1581 vitam

71 1640 74 1643 -
106 1611 325 1671 amplexus-
346 1619 424 1655 est.
500 1610 636 1668 ltaque
675 1627 761 1654 cum
796 1612 1069 1654 meretricibus
1102 1611 1253 1668 publice
1287 1611 1373 1653 sine
1403 1610 1482 1652 ullo
1514 1608 1661 1650 rubore

12 1727 25 1739 ,
107 1681 433 1725 consuetudinem
467 1681 626 1734 habuit;
671 1688 832 1738 praeter
863 1695 911 1723 ea
944 1694 1044 1736 quae
1077 1681 1124 1722 de
1155 1680 1222 1722 illo
1252 1680 1384 1736 operis
1410 1678 1524 1721 huius
1549 1676 1660 1718 initio

105 1749 353 1807 fflpeimns.
415 1749 528 1793 Deos
561 1763 653 1793 esse
679 1750 807 1792 nullos
832 1750 987 1801 aiebat,
1032 1750 1101 1791 sed
1126 1750 1307 1791 fortunae
1333 1747 1496 1790 arbitrio
1520 1753 1661 1788 cuncta

106 1818 338 1875 pta-ari.
409 1818 522 1862 Nihil
557 1819 595 1861 iu
628 1819 773 1861 mundo
807 1819 1070 1860 voluntarium
1106 1833 1153 1859 ac
1186 1817 1350 1860 liberum
1378 1817 1538 1868 inesse,
1582 1829 1661 1857 uon

107 1885 377 1944 &pli-am,
419 1902 498 1930 non
539 1887 801 1944 imperitiam,
847 1902 924 1929 nou
955 1887 1059 1929 aliud
1093 1887 1325 1943 quicquam,
1367 1885 1437 1928 sed
1479 1884 1661 1926 omuibus

109 1954 242 1998 euni·
275 1962 435 2012 praeter
467 1956 711 1999 voluntatem
745 1957 942 1998 accidere.
1011 1954 1222 1998 Neminem
1255 1955 1403 1997 idcirco
1434 1952 1662 2010 vituperan-

108 2024 225 2076 dnn,
267 2030 339 2066 aut
364 2024 663 2068 collaudandum
697 2039 811 2077 esse,
853 2039 902 2067 eo
936 2025 1037 2080 quod
1069 2024 1163 2066 nihil
1198 2023 1418 2066 istiusmodi
1450 2036 1504 2065 ex
1534 2022 1661 2064 libero

109 2091 230 2135 animi
263 2093 426 2136 decreto
456 2093 658 2150 suscipiat.
732 2092 905 2136 Mortem
938 2093 1107 2149 negabat
1142 2107 1310 2149 uuquam
1348 2106 1439 2134 esse
1477 2090 1661 2148 pertime-

108 2162 311 2205 scendam.
373 2158 506 2213 idem,
549 2168 590 2204 ut
619 2170 735 2204 autea
764 2162 870 2215 dixi,
918 2176 971 2205 ex
996 2163 1137 2205 atomis
1168 2169 1290 2205 totum
1326 2161 1400 2202 hoc
1432 2161 1659 2203 uuiversum

109 2237 319 2283 oonsure,
350 2236 392 2272 et
420 2230 459 2271 in
489 2229 642 2272 infinito
670 2231 798 2287 spatio
827 2232 1011 2273 muudum
1043 2245 1134 2274 esse
1165 2230 1436 2287 profitebatur.

149 2351 156 2361 θ
223 2297 277 2341 ui
305 2306 399 2342 snut
429 2305 627 2341 sectarum
660 2299 759 2356 apud
794 2297 974 2342 Graecos
1005 2300 1255 2351 conditores,
1302 2313 1401 2355 quos
1435 2298 1655 2354 comperire

110 2367 323 2425 potuimus.
385 2365 501 2422 Quod
522 2367 568 2408 ad
590 2367 689 2409 alios
711 2374 888 2424 spectat,
921 2369 986 2424 qui
1007 2368 1111 2411 inter
1130 2364 1348 2419 barbaros,
1382 2374 1449 2409 aut
1471 2366 1510 2408 in
1534 2365 1661 2409 Grae-

109 2436 172 2479 eia
193 2450 242 2479 ee
264 2434 535 2479 Romanorum
561 2435 724 2491 regione
753 2435 892 2479 aliisve
925 2437 1055 2478 muudi
1090 2437 1280 2479 tractibus
1307 2442 1580 2485 emerserunt,
1622 2435 1663 2477 in

110 2502 298 2548 Indorum
333 2505 494 2546 natione
524 2502 690 2546 Lxxtt
724 2503 1028 2548 absurdissimae
1060 2504 1330 2561 philosophiae
1360 2510 1493 2545 sectae
1526 2516 1663 2545 nume-

109 2579 270 2627 rentur,
302 2574 410 2616 velut
434 2572 857 2629 Gymnosophistarum
883 2580 920 2614 et
949 2570 1309 2624 Brachmanorum,
1352 2585 1452 2627 quae
1477 2571 1587 2613 solae
1610 2585 1664 2614 ex

111 2641 292 2690 omnibus
320 2642 538 2685 laudandae
572 2648 678 2682 sunt.
750 2638 853 2683 Tum
889 2638 1403 2690 Pseudobrachmnnorum,
1450 2646 1488 2680 et
1523 2653 1660 2682 eorum

111 2710 176 2767 qni
197 2718 439 2753 mortuorum
465 2709 723 2752 cadaveribus
745 2716 983 2760 vescuntur,
1025 2716 1065 2751 et
1086 2708 1151 2766 qui
1180 2708 1444 2751 foedissimam
1467 2722 1550 2750 rem
1574 2722 1662 2765 per·

111 2848 185 2881 edit.
205 2850 307 2889 princ.
353 2843 475 2892 α’γῆρω
494 2849 673 2881 emendavit
693 2849 789 2879 etiam
806 2847 864 2879 10⁸
956 2843 1012 2880 24.
1035 2843 1234 2885 ποσιδῶνως
1259 2846 1351 2879 codd.
1374 2855 1447 2879 mss.
1466 2848 1613 2887 uterque,
1636 2850 1664 2879 et

112 2894 264 2935 Scottum
321 2895 493 2927 Coe'nen’us
523 2896 612 2926 verm
644 2892 745 2924 immo
725 2899 798 2924 orat
800 2890 831 2923 le
813 2902 865 2923 em
910 2893 982 2925 edit.
1003 2893 1104 2933 princ.

113 2944 149 2972 et
180 2938 440 2979 immutabilem,
474 2943 509 2971 ut
535 2934 696 2982 ἄτρεπτον
721 2948 752 2971 vi
743 2938 866 2970 ideonu-
957 2938 1010 2971 23
1038 2934 1095 2971 τὸν
1117 2938 1207 2971 codd.
1232 2947 1303 2970 mss.

112 2986 290 3027 auspicatus
312 2994 385 3018 esee.
1034 2980 1190 3021 νεοκλεῦς
1212 2983 1303 3016 codd.
1327 2992 1400 3016 mss.
1424 2986 1453 3017 et
1471 2984 1545 3016 edit.
1561 2985 1662 3025 princ.

157 3030 212 3065 23.
237 3027 316 3065 θεὸν
339 3031 406 3064 eod.
430 3031 559 3071 Rhodia.
956 3028 1010 3061 27.
1038 3026 1097 3061 καὶ
1129 3031 1279 3061 omissum
1305 3029 1334 3061 h.
1357 3030 1377 3061 1.
1399 3030 1434 3062 t‘n
1453 3030 1525 3062 edit.
1552 3030 1661 3063 Petne.

914 3075 1017 3110 colon.
1041 3078 1136 3116 repet.
1159 3077 1188 3107 et
1207 3078 1277 3117 poss
1300 3069 1438 3119 ἀτόμων
1466 3075 1661 3109 collocatum.
