<?xml version="1.0" encoding="UTF-8"?>
<!DOCTYPE html PUBLIC "-//W3C//DTD XHTML 1.0 Transitional//EN"
    "http://www.w3.org/TR/xhtml1/DTD/xhtml1-transitional.dtd">
<html xmlns="http://www.w3.org/1999/xhtml" xml:lang="en" lang="en">
 <head>
  <title>
</title>
<meta http-equiv="Content-Type" content="text/html;charset=utf-8" />
  <meta name='ocr-system' content='tesseract 3.04.00' />
  <meta name='ocr-capabilities' content='ocr_page ocr_carea ocr_par ocr_line ocrx_word'/>
</head>
<body>
  <div class='ocr_page' id='page_1' title='image "./corporishaereseo23epip_0273.png"; bbox 0 0 2020 3276; ppageno 0'>
   <div class='ocr_carea' id='block_1_1' title="bbox 476 169 1682 219">
    <p class='ocr_par' dir='ltr' id='par_1_1' title="bbox 476 169 1682 219">
     <span class='ocr_line' id='line_1_1' title="bbox 476 169 1682 219; baseline -0.007 0"><span class='ocrx_word' id='word_1_1' title='bbox 476 183 658 219; x_wconf 65' lang='lat' dir='ltr'>umen</span> <span class='ocrx_word' id='word_1_2' title='bbox 681 182 764 216; x_wconf 79' lang='lat' dir='ltr'>mn.</span> <span class='ocrx_word' id='word_1_3' title='bbox 780 182 839 215; x_wconf 84' lang='lat' dir='ltr'>m.</span> <span class='ocrx_word' id='word_1_4' title='bbox 864 181 973 215; x_wconf 80' lang='grc' dir='ltr'><strong>ΤοΜ.</strong></span> <span class='ocrx_word' id='word_1_5' title='bbox 986 182 1012 215; x_wconf 87' lang='lat'>1.</span> <span class='ocrx_word' id='word_1_6' title='bbox 1036 180 1168 214; x_wconf 71' lang='lat' dir='ltr'>mnu.</span> <span class='ocrx_word' id='word_1_7' title='bbox 1182 180 1344 213; x_wconf 77' lang='lat' dir='ltr'>Lxxv1.</span> <span class='ocrx_word' id='word_1_8' title='bbox 1603 169 1682 211; x_wconf 84' lang='lat'>261</span> 
     </span>
    </p>
   </div>
   <div class='ocr_carea' id='block_1_2' title="bbox 133 256 1692 2989">
    <p class='ocr_par' dir='ltr' id='par_1_2' title="bbox 133 256 1689 719">
     <span class='ocr_line' id='line_1_2' title="bbox 137 256 1688 326; baseline -0.009 -14"><span class='ocrx_word' id='word_1_9' title='bbox 137 265 312 326; x_wconf 51' lang='grc' dir='ltr'>μ’·</span> <span class='ocrx_word' id='word_1_10' title='bbox 333 271 412 308; x_wconf 77' lang='lat' dir='ltr'>est.</span> <span class='ocrx_word' id='word_1_11' title='bbox 471 262 740 320; x_wconf 77' lang='lat' dir='ltr'><strong>Quamobrem</strong></span> <span class='ocrx_word' id='word_1_12' title='bbox 773 275 869 303; x_wconf 84' lang='lat' dir='ltr'>vera</span> <span class='ocrx_word' id='word_1_13' title='bbox 900 274 946 302; x_wconf 86' lang='lat' dir='ltr'>ac</span> <span class='ocrx_word' id='word_1_14' title='bbox 971 261 1154 313; x_wconf 89' lang='lat' dir='ltr'>sincera,</span> <span class='ocrx_word' id='word_1_15' title='bbox 1196 273 1310 315; x_wconf 90' lang='lat' dir='ltr'>quam</span> <span class='ocrx_word' id='word_1_16' title='bbox 1345 259 1441 301; x_wconf 83' lang='lat' dir='ltr'>deus</span> <span class='ocrx_word' id='word_1_17' title='bbox 1467 256 1688 300; x_wconf 84' lang='lat' dir='ltr'>hominibus</span> 
     </span>
     <span class='ocr_line' id='line_1_3' title="bbox 135 325 1686 393; baseline -0.008 -13"><span class='ocrx_word' id='word_1_18' title='bbox 135 331 380 393; x_wconf 60' lang='lat' dir='ltr'>inf-ditur,</span> <span class='ocrx_word' id='word_1_19' title='bbox 411 331 670 387; x_wconf 74' lang='lat' dir='ltr'>intelligentia</span> <span class='ocrx_word' id='word_1_20' title='bbox 693 328 1067 373; x_wconf 73' lang='lat' dir='ltr'><strong>consubstantialem</strong></span> <span class='ocrx_word' id='word_1_21' title='bbox 1089 342 1179 370; x_wconf 89' lang='lat' dir='ltr'>esse</span> <span class='ocrx_word' id='word_1_22' title='bbox 1202 327 1301 384; x_wconf 89' lang='lat' dir='ltr'>patri</span> <span class='ocrx_word' id='word_1_23' title='bbox 1324 327 1442 369; x_wconf 84' lang='lat' dir='ltr'>lilium</span> <span class='ocrx_word' id='word_1_24' title='bbox 1466 325 1686 383; x_wconf 81' lang='lat' dir='ltr'>profitetur,</span> 
     </span>
     <span class='ocr_line' id='line_1_4' title="bbox 135 394 1689 450; baseline -0.008 -3"><span class='ocrx_word' id='word_1_25' title='bbox 135 401 243 450; x_wconf 60' lang='lat' dir='ltr'>mai</span> <span class='ocrx_word' id='word_1_26' title='bbox 264 401 465 444; x_wconf 70' lang='lat' dir='ltr'>dissimilis</span> <span class='ocrx_word' id='word_1_27' title='bbox 497 400 586 443; x_wconf 92' lang='lat' dir='ltr'>illos</span> <span class='ocrx_word' id='word_1_28' title='bbox 609 399 806 442; x_wconf 87' lang='lat' dir='ltr'>essentiae</span> <span class='ocrx_word' id='word_1_29' title='bbox 831 397 1068 446; x_wconf 85' lang='lat' dir='ltr'>constituat,</span> <span class='ocrx_word' id='word_1_30' title='bbox 1112 395 1386 438; x_wconf 80' lang='lat' dir='ltr'><strong>excellentiori</strong></span> <span class='ocrx_word' id='word_1_31' title='bbox 1411 395 1467 437; x_wconf 90' lang='lat' dir='ltr'>illi</span> <span class='ocrx_word' id='word_1_32' title='bbox 1491 408 1537 437; x_wconf 87' lang='lat' dir='ltr'>ac</span> <span class='ocrx_word' id='word_1_33' title='bbox 1558 394 1689 436; x_wconf 87' lang='lat' dir='ltr'>sinee-</span> 
     </span>
     <span class='ocr_line' id='line_1_5' title="bbox 133 462 1689 527; baseline -0.006 -13"><span class='ocrx_word' id='word_1_34' title='bbox 133 468 317 523; x_wconf 62' lang='lat' dir='ltr'>rhn&#39;mae</span> <span class='ocrx_word' id='word_1_35' title='bbox 339 469 570 527; x_wconf 71' lang='lat' dir='ltr'>perfectioni</span> <span class='ocrx_word' id='word_1_36' title='bbox 593 467 798 511; x_wconf 83' lang='lat' dir='ltr'>divisionis</span> <span class='ocrx_word' id='word_1_37' title='bbox 823 465 967 522; x_wconf 88' lang='lat' dir='ltr'>aliquid</span> <span class='ocrx_word' id='word_1_38' title='bbox 992 465 1166 507; x_wconf 88' lang='lat' dir='ltr'>inducat.</span> <span class='ocrx_word' id='word_1_39' title='bbox 1229 462 1330 506; x_wconf 87' lang='lat' dir='ltr'>Cum</span> <span class='ocrx_word' id='word_1_40' title='bbox 1353 464 1417 506; x_wconf 91' lang='lat' dir='ltr'>ille</span> <span class='ocrx_word' id='word_1_41' title='bbox 1443 463 1543 520; x_wconf 90' lang='lat' dir='ltr'>ipse,</span> <span class='ocrx_word' id='word_1_42' title='bbox 1577 462 1689 505; x_wconf 84' lang='lat' dir='ltr'>cuius</span> 
     </span>
     <span class='ocr_line' id='line_1_6' title="bbox 133 530 1689 594; baseline -0.007 -11"><span class='ocrx_word' id='word_1_43' title='bbox 133 537 213 584; x_wconf 59' lang='lat' dir='ltr'>‘ma</span> <span class='ocrx_word' id='word_1_44' title='bbox 239 537 432 581; x_wconf 72' lang='lat' dir='ltr'>beneflcio</span> <span class='ocrx_word' id='word_1_45' title='bbox 463 536 652 594; x_wconf 87' lang='lat' dir='ltr'>percipit,</span> <span class='ocrx_word' id='word_1_46' title='bbox 699 549 721 577; x_wconf 87' lang='lat' dir='ltr'>a</span> <span class='ocrx_word' id='word_1_47' title='bbox 753 535 935 591; x_wconf 86' lang='lat' dir='ltr'>genitore</span> <span class='ocrx_word' id='word_1_48' title='bbox 967 547 1012 575; x_wconf 90' lang='lat' dir='ltr'>re</span> <span class='ocrx_word' id='word_1_49' title='bbox 1046 546 1142 574; x_wconf 88' lang='lat' dir='ltr'>vera</span> <span class='ocrx_word' id='word_1_50' title='bbox 1173 531 1223 574; x_wconf 91' lang='lat' dir='ltr'>sit</span> <span class='ocrx_word' id='word_1_51' title='bbox 1256 533 1434 588; x_wconf 89' lang='lat' dir='ltr'>genitus,</span> <span class='ocrx_word' id='word_1_52' title='bbox 1478 539 1518 574; x_wconf 92' lang='lat' dir='ltr'>ct</span> <span class='ocrx_word' id='word_1_53' title='bbox 1547 530 1689 573; x_wconf 90' lang='lat' dir='ltr'>intelli-</span> 
     </span>
     <span class='ocr_line' id='line_1_7' title="bbox 133 600 1689 664; baseline -0.006 -14"><span class='ocrx_word' id='word_1_54' title='bbox 133 607 305 664; x_wconf 69' lang='lat' dir='ltr'>‘gutiam</span> <span class='ocrx_word' id='word_1_55' title='bbox 325 619 507 659; x_wconf 89' lang='lat' dir='ltr'>omnem,</span> <span class='ocrx_word' id='word_1_56' title='bbox 539 618 633 662; x_wconf 88' lang='lat' dir='ltr'>prae</span> <span class='ocrx_word' id='word_1_57' title='bbox 663 603 900 646; x_wconf 85' lang='lat' dir='ltr'>excellentia</span> <span class='ocrx_word' id='word_1_58' title='bbox 923 615 1020 654; x_wconf 91' lang='lat' dir='ltr'>sua,</span> <span class='ocrx_word' id='word_1_59' title='bbox 1053 601 1140 642; x_wconf 89' lang='lat' dir='ltr'>sine</span> <span class='ocrx_word' id='word_1_60' title='bbox 1164 600 1241 642; x_wconf 92' lang='lat' dir='ltr'>ulla</span> <span class='ocrx_word' id='word_1_61' title='bbox 1265 600 1559 656; x_wconf 87' lang='lat' dir='ltr'>comparatione</span> <span class='ocrx_word' id='word_1_62' title='bbox 1582 607 1689 642; x_wconf 87' lang='lat' dir='ltr'>tran-</span> 
     </span>
     <span class='ocr_line' id='line_1_8' title="bbox 138 675 317 719; baseline -0.011 1"><span class='ocrx_word' id='word_1_63' title='bbox 138 675 317 719; x_wconf 72' lang='lat' dir='ltr'>soe-dat.</span> 
     </span>
    </p>

    <p class='ocr_par' dir='ltr' id='par_1_3' title="bbox 134 736 1689 933">
     <span class='ocr_line' id='line_1_9' title="bbox 247 736 1689 799; baseline -0.006 -12"><span class='ocrx_word' id='word_1_64' title='bbox 247 743 357 786; x_wconf 79' lang='lat' dir='ltr'>Aetii</span> <span class='ocrx_word' id='word_1_65' title='bbox 379 739 510 799; x_wconf 87' lang='lat' dir='ltr'>Caput</span> <span class='ocrx_word' id='word_1_66' title='bbox 528 739 648 783; x_wconf 85' lang='lat' dir='ltr'>xlv.</span> <span class='ocrx_word' id='word_1_67' title='bbox 711 738 756 782; x_wconf 90' lang='lat' dir='ltr'>Si</span> <span class='ocrx_word' id='word_1_68' title='bbox 788 739 964 796; x_wconf 85' lang='lat' dir='ltr'>ingenita</span> <span class='ocrx_word' id='word_1_69' title='bbox 987 745 1127 780; x_wconf 87' lang='lat' dir='ltr'>natura</span> <span class='ocrx_word' id='word_1_70' title='bbox 1158 737 1405 793; x_wconf 86' lang='lat' dir='ltr'>generationi</span> <span class='ocrx_word' id='word_1_71' title='bbox 1439 736 1598 778; x_wconf 90' lang='lat' dir='ltr'>minime</span> <span class='ocrx_word' id='word_1_72' title='bbox 1623 749 1689 778; x_wconf 87' lang='lat' dir='ltr'>ce-</span> 
     </span>
     <span class='ocr_line' id='line_1_10' title="bbox 134 804 1688 867; baseline -0.006 -11"><span class='ocrx_word' id='word_1_73' title='bbox 134 811 225 865; x_wconf 75' lang='lat' dir='ltr'>ant,</span> <span class='ocrx_word' id='word_1_74' title='bbox 266 811 455 855; x_wconf 74' lang='lat' dir='ltr'>habemus</span> <span class='ocrx_word' id='word_1_75' title='bbox 481 810 582 867; x_wconf 91' lang='lat' dir='ltr'>quod</span> <span class='ocrx_word' id='word_1_76' title='bbox 607 809 802 851; x_wconf 87' lang='lat' dir='ltr'>volumus.</span> <span class='ocrx_word' id='word_1_77' title='bbox 866 806 939 850; x_wconf 86' lang='lat' dir='ltr'>Sin</span> <span class='ocrx_word' id='word_1_78' title='bbox 967 805 1212 862; x_wconf 85' lang='lat' dir='ltr'>generationi</span> <span class='ocrx_word' id='word_1_79' title='bbox 1237 806 1374 858; x_wconf 87' lang='lat' dir='ltr'>cedat,</span> <span class='ocrx_word' id='word_1_80' title='bbox 1418 804 1688 860; x_wconf 82' lang='lat' dir='ltr'>generationis</span> 
     </span>
     <span class='ocr_line' id='line_1_11' title="bbox 135 866 1279 933; baseline -0.008 -9"><span class='ocrx_word' id='word_1_81' title='bbox 135 879 368 925; x_wconf 65' lang='lat' dir='ltr'>affectiones</span> <span class='ocrx_word' id='word_1_82' title='bbox 397 879 527 921; x_wconf 83' lang='lat' dir='ltr'>divina</span> <span class='ocrx_word' id='word_1_83' title='bbox 557 878 776 920; x_wconf 81' lang='lat' dir='ltr'>substantia</span> <span class='ocrx_word' id='word_1_84' title='bbox 807 875 1118 933; x_wconf 81' lang='lat' dir='ltr'>praestantiores</span> <span class='ocrx_word' id='word_1_85' title='bbox 1148 866 1279 916; x_wconf 82' lang='lat' dir='ltr'>erunt.</span> 
     </span>
    </p>

    <p class='ocr_par' dir='ltr' id='par_1_4' title="bbox 134 941 1692 2358">
     <span class='ocr_line' id='line_1_12' title="bbox 250 941 1689 1001; baseline -0.006 -10"><span class='ocrx_word' id='word_1_86' title='bbox 250 945 416 992; x_wconf 76' lang='lat' dir='ltr'>Confut.</span> <span class='ocrx_word' id='word_1_87' title='bbox 440 945 561 989; x_wconf 84' lang='lat' dir='ltr'>xlv.</span> <span class='ocrx_word' id='word_1_88' title='bbox 596 944 630 988; x_wconf 89' lang='lat'>1.</span> <span class='ocrx_word' id='word_1_89' title='bbox 650 944 753 988; x_wconf 86' lang='lat' dir='ltr'>Esse</span> <span class='ocrx_word' id='word_1_90' title='bbox 775 945 927 1001; x_wconf 87' lang='lat' dir='ltr'>aliquas</span> <span class='ocrx_word' id='word_1_91' title='bbox 947 945 985 986; x_wconf 90' lang='lat' dir='ltr'>in</span> <span class='ocrx_word' id='word_1_92' title='bbox 1009 943 1083 985; x_wconf 89' lang='lat' dir='ltr'>deo</span> <span class='ocrx_word' id='word_1_93' title='bbox 1103 943 1334 985; x_wconf 80' lang='lat' dir='ltr'>affectiones</span> <span class='ocrx_word' id='word_1_94' title='bbox 1355 942 1504 993; x_wconf 83' lang='lat' dir='ltr'>dicere,</span> <span class='ocrx_word' id='word_1_95' title='bbox 1527 941 1689 983; x_wconf 88' lang='lat' dir='ltr'>sacrile-</span> 
     </span>
     <span class='ocr_line' id='line_1_13' title="bbox 137 1010 1689 1073; baseline -0.006 -13"><span class='ocrx_word' id='word_1_96' title='bbox 137 1030 229 1073; x_wconf 69' lang='lat' dir='ltr'>gum</span> <span class='ocrx_word' id='word_1_97' title='bbox 252 1023 318 1060; x_wconf 86' lang='lat' dir='ltr'>eat</span> <span class='ocrx_word' id='word_1_98' title='bbox 336 1023 377 1058; x_wconf 92' lang='lat' dir='ltr'>et</span> <span class='ocrx_word' id='word_1_99' title='bbox 398 1014 574 1072; x_wconf 85' lang='lat' dir='ltr'>impium.</span> <span class='ocrx_word' id='word_1_100' title='bbox 636 1013 823 1056; x_wconf 88' lang='lat' dir='ltr'>Divinum</span> <span class='ocrx_word' id='word_1_101' title='bbox 853 1013 994 1070; x_wconf 91' lang='lat' dir='ltr'>quippe</span> <span class='ocrx_word' id='word_1_102' title='bbox 1020 1026 1163 1054; x_wconf 91' lang='lat' dir='ltr'>numen</span> <span class='ocrx_word' id='word_1_103' title='bbox 1191 1011 1306 1054; x_wconf 90' lang='lat' dir='ltr'>nullis</span> <span class='ocrx_word' id='word_1_104' title='bbox 1331 1017 1393 1052; x_wconf 89' lang='lat' dir='ltr'>est</span> <span class='ocrx_word' id='word_1_105' title='bbox 1418 1010 1689 1052; x_wconf 83' lang='lat' dir='ltr'>affectionibus</span> 
     </span>
     <span class='ocr_line' id='line_1_14' title="bbox 138 1078 1692 1138; baseline -0.006 -9"><span class='ocrx_word' id='word_1_106' title='bbox 138 1084 378 1137; x_wconf 75' lang='lat' dir='ltr'>obnoxium,</span> <span class='ocrx_word' id='word_1_107' title='bbox 421 1091 463 1126; x_wconf 89' lang='lat' dir='ltr'>et</span> <span class='ocrx_word' id='word_1_108' title='bbox 498 1083 557 1126; x_wconf 84' lang='lat' dir='ltr'>his</span> <span class='ocrx_word' id='word_1_109' title='bbox 587 1082 768 1125; x_wconf 89' lang='lat' dir='ltr'>omnibus</span> <span class='ocrx_word' id='word_1_110' title='bbox 801 1081 982 1138; x_wconf 85' lang='lat' dir='ltr'>superius</span> <span class='ocrx_word' id='word_1_111' title='bbox 1016 1088 1079 1123; x_wconf 89' lang='lat' dir='ltr'>est</span> <span class='ocrx_word' id='word_1_112' title='bbox 1111 1094 1212 1137; x_wconf 88' lang='lat' dir='ltr'>quae</span> <span class='ocrx_word' id='word_1_113' title='bbox 1246 1079 1434 1136; x_wconf 79' lang='lat' dir='ltr'>peculiari</span> <span class='ocrx_word' id='word_1_114' title='bbox 1465 1078 1692 1134; x_wconf 76' lang='lat' dir='ltr'>cognitione</span> 
     </span>
     <span class='ocr_line' id='line_1_15' title="bbox 139 1147 1688 1209; baseline -0.005 -13"><span class='ocrx_word' id='word_1_115' title='bbox 139 1166 190 1196; x_wconf 81' lang='lat' dir='ltr'>ae</span> <span class='ocrx_word' id='word_1_116' title='bbox 210 1152 451 1209; x_wconf 75' lang='lat' dir='ltr'>cogitatione</span> <span class='ocrx_word' id='word_1_117' title='bbox 481 1150 862 1208; x_wconf 79' lang='lat' dir='ltr'>comprehendimus.</span> <span class='ocrx_word' id='word_1_118' title='bbox 925 1148 1062 1205; x_wconf 77' lang='lat' dir='ltr'>Quare</span> <span class='ocrx_word' id='word_1_119' title='bbox 1093 1149 1195 1205; x_wconf 89' lang='lat' dir='ltr'>quod</span> <span class='ocrx_word' id='word_1_120' title='bbox 1226 1149 1275 1191; x_wconf 85' lang='lat' dir='ltr'>ab</span> <span class='ocrx_word' id='word_1_121' title='bbox 1298 1148 1418 1191; x_wconf 68' lang='lat' dir='ltr'>Aetio</span> <span class='ocrx_word' id='word_1_122' title='bbox 1449 1147 1688 1204; x_wconf 86' lang='lat' dir='ltr'>propositum</span> 
     </span>
     <span class='ocr_line' id='line_1_16' title="bbox 137 1215 1691 1275; baseline -0.005 -11"><span class='ocrx_word' id='word_1_123' title='bbox 137 1228 226 1275; x_wconf 82' lang='lat' dir='ltr'>eat,</span> <span class='ocrx_word' id='word_1_124' title='bbox 272 1221 446 1264; x_wconf 75' lang='lat' dir='ltr'>funditus</span> <span class='ocrx_word' id='word_1_125' title='bbox 481 1226 699 1262; x_wconf 89' lang='lat' dir='ltr'>evertetur.</span> <span class='ocrx_word' id='word_1_126' title='bbox 773 1217 878 1260; x_wconf 91' lang='lat' dir='ltr'>Nam</span> <span class='ocrx_word' id='word_1_127' title='bbox 912 1231 1012 1274; x_wconf 90' lang='lat' dir='ltr'>quae</span> <span class='ocrx_word' id='word_1_128' title='bbox 1046 1217 1159 1259; x_wconf 83' lang='lat' dir='ltr'>nobis</span> <span class='ocrx_word' id='word_1_129' title='bbox 1195 1232 1282 1260; x_wconf 90' lang='lat' dir='ltr'>cum</span> <span class='ocrx_word' id='word_1_130' title='bbox 1314 1215 1526 1258; x_wconf 79' lang='lat' dir='ltr'>affectione</span> <span class='ocrx_word' id='word_1_131' title='bbox 1561 1216 1691 1271; x_wconf 88' lang='lat' dir='ltr'>aliqua</span> 
     </span>
     <span class='ocr_line' id='line_1_17' title="bbox 138 1283 1690 1346; baseline -0.005 -13"><span class='ocrx_word' id='word_1_132' title='bbox 138 1289 386 1346; x_wconf 74' lang='lat' dir='ltr'>contingunt,</span> <span class='ocrx_word' id='word_1_133' title='bbox 417 1289 492 1331; x_wconf 90' lang='lat' dir='ltr'>deo</span> <span class='ocrx_word' id='word_1_134' title='bbox 515 1287 603 1330; x_wconf 89' lang='lat' dir='ltr'>siue</span> <span class='ocrx_word' id='word_1_135' title='bbox 628 1287 703 1330; x_wconf 90' lang='lat' dir='ltr'>nlla</span> <span class='ocrx_word' id='word_1_136' title='bbox 719 1286 940 1329; x_wconf 84' lang='lat' dir='ltr'>-affeetione</span> <span class='ocrx_word' id='word_1_137' title='bbox 965 1285 1222 1328; x_wconf 83' lang='lat' dir='ltr'>conveniunt.</span> <span class='ocrx_word' id='word_1_138' title='bbox 1283 1283 1486 1341; x_wconf 88' lang='lat' dir='ltr'>Siquidem</span> <span class='ocrx_word' id='word_1_139' title='bbox 1511 1284 1552 1326; x_wconf 90' lang='lat' dir='ltr'>in</span> <span class='ocrx_word' id='word_1_140' title='bbox 1576 1283 1690 1326; x_wconf 88' lang='lat' dir='ltr'>nobis</span> 
     </span>
     <span class='ocr_line' id='line_1_18' title="bbox 140 1352 1690 1414; baseline -0.005 -13"><span class='ocrx_word' id='word_1_141' title='bbox 140 1357 242 1401; x_wconf 77' lang='lat' dir='ltr'>velle</span> <span class='ocrx_word' id='word_1_142' title='bbox 270 1357 397 1414; x_wconf 76' lang='lat' dir='ltr'>ipsum</span> <span class='ocrx_word' id='word_1_143' title='bbox 431 1357 569 1414; x_wconf 89' lang='lat' dir='ltr'>partim</span> <span class='ocrx_word' id='word_1_144' title='bbox 603 1355 761 1398; x_wconf 78' lang='lat' dir='ltr'>affectio</span> <span class='ocrx_word' id='word_1_145' title='bbox 786 1355 974 1410; x_wconf 81' lang='lat' dir='ltr'>quaedam</span> <span class='ocrx_word' id='word_1_146' title='bbox 995 1361 1081 1407; x_wconf 88' lang='lat' dir='ltr'>est,</span> <span class='ocrx_word' id='word_1_147' title='bbox 1127 1369 1205 1396; x_wconf 90' lang='lat' dir='ltr'>non</span> <span class='ocrx_word' id='word_1_148' title='bbox 1226 1353 1400 1410; x_wconf 79' lang='lat' dir='ltr'>exempli</span> <span class='ocrx_word' id='word_1_149' title='bbox 1420 1366 1562 1395; x_wconf 83' lang='lat' dir='ltr'>caussa</span> <span class='ocrx_word' id='word_1_150' title='bbox 1586 1352 1690 1394; x_wconf 88' lang='lat' dir='ltr'>velle</span> 
     </span>
     <span class='ocr_line' id='line_1_19' title="bbox 137 1423 1690 1484; baseline -0.005 -14"><span class='ocrx_word' id='word_1_151' title='bbox 137 1425 244 1484; x_wconf 71' lang='lat' dir='ltr'>pia-</span> <span class='ocrx_word' id='word_1_152' title='bbox 263 1437 355 1469; x_wconf 79' lang='lat' dir='ltr'>esee</span> <span class='ocrx_word' id='word_1_153' title='bbox 377 1426 493 1478; x_wconf 86' lang='lat' dir='ltr'>dico,</span> <span class='ocrx_word' id='word_1_154' title='bbox 538 1425 606 1467; x_wconf 87' lang='lat' dir='ltr'>sed</span> <span class='ocrx_word' id='word_1_155' title='bbox 632 1424 775 1480; x_wconf 88' lang='lat' dir='ltr'>aliquid</span> <span class='ocrx_word' id='word_1_156' title='bbox 799 1423 988 1466; x_wconf 88' lang='lat' dir='ltr'>eiusmodi</span> <span class='ocrx_word' id='word_1_157' title='bbox 1013 1423 1115 1465; x_wconf 87' lang='lat' dir='ltr'>velle</span> <span class='ocrx_word' id='word_1_158' title='bbox 1141 1424 1272 1465; x_wconf 79' lang='lat' dir='ltr'>facere</span> <span class='ocrx_word' id='word_1_159' title='bbox 1299 1423 1400 1478; x_wconf 91' lang='lat' dir='ltr'>quod</span> <span class='ocrx_word' id='word_1_160' title='bbox 1427 1429 1593 1464; x_wconf 85' lang='lat' dir='ltr'>naturae</span> <span class='ocrx_word' id='word_1_161' title='bbox 1625 1435 1690 1463; x_wconf 89' lang='lat' dir='ltr'>ca-</span> 
     </span>
     <span class='ocr_line' id='line_1_20' title="bbox 137 1490 1689 1552; baseline -0.004 -15"><span class='ocrx_word' id='word_1_162' title='bbox 137 1501 244 1552; x_wconf 74' lang='lat' dir='ltr'>ptum</span> <span class='ocrx_word' id='word_1_163' title='bbox 265 1500 448 1551; x_wconf 76' lang='lat' dir='ltr'>superat,</span> <span class='ocrx_word' id='word_1_164' title='bbox 482 1507 531 1535; x_wconf 90' lang='lat' dir='ltr'>eo</span> <span class='ocrx_word' id='word_1_165' title='bbox 555 1493 656 1549; x_wconf 91' lang='lat' dir='ltr'>quod</span> <span class='ocrx_word' id='word_1_166' title='bbox 683 1492 872 1534; x_wconf 88' lang='lat' dir='ltr'>voluntati</span> <span class='ocrx_word' id='word_1_167' title='bbox 895 1491 1057 1547; x_wconf 85' lang='lat' dir='ltr'>obsequi</span> <span class='ocrx_word' id='word_1_168' title='bbox 1079 1491 1237 1532; x_wconf 87' lang='lat' dir='ltr'>minime</span> <span class='ocrx_word' id='word_1_169' title='bbox 1269 1490 1485 1547; x_wconf 85' lang='lat' dir='ltr'>possimus,</span> <span class='ocrx_word' id='word_1_170' title='bbox 1518 1490 1628 1532; x_wconf 85' lang='lat' dir='ltr'>velut</span> <span class='ocrx_word' id='word_1_171' title='bbox 1650 1490 1689 1531; x_wconf 87' lang='lat' dir='ltr'>in</span> 
     </span>
     <span class='ocr_line' id='line_1_21' title="bbox 136 1559 1687 1616; baseline -0.004 -10"><span class='ocrx_word' id='word_1_172' title='bbox 136 1562 294 1606; x_wconf 72' lang='lat' dir='ltr'>bomine</span> <span class='ocrx_word' id='word_1_173' title='bbox 319 1562 481 1614; x_wconf 78' lang='lat' dir='ltr'>volare,</span> <span class='ocrx_word' id='word_1_174' title='bbox 522 1569 590 1604; x_wconf 91' lang='lat' dir='ltr'>aut</span> <span class='ocrx_word' id='word_1_175' title='bbox 620 1561 659 1602; x_wconf 87' lang='lat' dir='ltr'>in</span> <span class='ocrx_word' id='word_1_176' title='bbox 693 1566 825 1603; x_wconf 70' lang='lat' dir='ltr'>aerem</span> <span class='ocrx_word' id='word_1_177' title='bbox 859 1561 976 1612; x_wconf 85' lang='lat' dir='ltr'>ferri,</span> <span class='ocrx_word' id='word_1_178' title='bbox 1023 1567 1091 1602; x_wconf 89' lang='lat' dir='ltr'>aut</span> <span class='ocrx_word' id='word_1_179' title='bbox 1123 1560 1302 1616; x_wconf 89' lang='lat' dir='ltr'>profundi</span> <span class='ocrx_word' id='word_1_180' title='bbox 1326 1573 1450 1601; x_wconf 78' lang='lat' dir='ltr'>venas</span> <span class='ocrx_word' id='word_1_181' title='bbox 1482 1559 1687 1614; x_wconf 86' lang='lat' dir='ltr'>indagare,</span> 
     </span>
     <span class='ocr_line' id='line_1_22' title="bbox 135 1626 1688 1685; baseline -0.005 -10"><span class='ocrx_word' id='word_1_182' title='bbox 135 1638 268 1675; x_wconf 78' lang='lat' dir='ltr'>terrae</span> <span class='ocrx_word' id='word_1_183' title='bbox 300 1631 457 1674; x_wconf 73' lang='lat' dir='ltr'>fundum</span> <span class='ocrx_word' id='word_1_184' title='bbox 488 1629 755 1685; x_wconf 85' lang='lat' dir='ltr'>investigare,</span> <span class='ocrx_word' id='word_1_185' title='bbox 798 1635 838 1671; x_wconf 88' lang='lat' dir='ltr'>et</span> <span class='ocrx_word' id='word_1_186' title='bbox 861 1629 897 1670; x_wconf 92' lang='lat' dir='ltr'>id</span> <span class='ocrx_word' id='word_1_187' title='bbox 924 1643 1050 1684; x_wconf 88' lang='lat' dir='ltr'>genus</span> <span class='ocrx_word' id='word_1_188' title='bbox 1080 1628 1169 1671; x_wconf 84' lang='lat' dir='ltr'>alia.</span> <span class='ocrx_word' id='word_1_189' title='bbox 1232 1626 1427 1683; x_wconf 76' lang='lat' dir='ltr'>Quicquid</span> <span class='ocrx_word' id='word_1_190' title='bbox 1447 1635 1577 1669; x_wconf 89' lang='lat' dir='ltr'>autem</span> <span class='ocrx_word' id='word_1_191' title='bbox 1601 1641 1688 1669; x_wconf 89' lang='lat' dir='ltr'>cum</span> 
     </span>
     <span class='ocr_line' id='line_1_23' title="bbox 134 1696 1690 1756; baseline -0.004 -13"><span class='ocrx_word' id='word_1_192' title='bbox 134 1699 264 1756; x_wconf 78' lang='lat' dir='ltr'>aliqua</span> <span class='ocrx_word' id='word_1_193' title='bbox 283 1699 492 1742; x_wconf 74' lang='lat' dir='ltr'>affectione</span> <span class='ocrx_word' id='word_1_194' title='bbox 513 1705 675 1741; x_wconf 88' lang='lat' dir='ltr'>naturae</span> <span class='ocrx_word' id='word_1_195' title='bbox 698 1711 810 1740; x_wconf 89' lang='lat' dir='ltr'>meae</span> <span class='ocrx_word' id='word_1_196' title='bbox 834 1697 992 1739; x_wconf 87' lang='lat' dir='ltr'>insitum</span> <span class='ocrx_word' id='word_1_197' title='bbox 1021 1704 1105 1749; x_wconf 89' lang='lat' dir='ltr'>est,</span> <span class='ocrx_word' id='word_1_198' title='bbox 1167 1697 1258 1739; x_wconf 91' lang='lat' dir='ltr'>illud</span> <span class='ocrx_word' id='word_1_199' title='bbox 1281 1710 1396 1738; x_wconf 90' lang='lat' dir='ltr'>omne</span> <span class='ocrx_word' id='word_1_200' title='bbox 1418 1696 1515 1738; x_wconf 89' lang='lat' dir='ltr'>citra</span> <span class='ocrx_word' id='word_1_201' title='bbox 1538 1696 1690 1752; x_wconf 86' lang='lat' dir='ltr'>passio-</span> 
     </span>
     <span class='ocr_line' id='line_1_24' title="bbox 136 1765 1687 1822; baseline -0.005 -9"><span class='ocrx_word' id='word_1_202' title='bbox 136 1782 228 1813; x_wconf 72' lang='lat' dir='ltr'>nem</span> <span class='ocrx_word' id='word_1_203' title='bbox 250 1769 357 1812; x_wconf 81' lang='lat' dir='ltr'>ineat</span> <span class='ocrx_word' id='word_1_204' title='bbox 380 1768 420 1810; x_wconf 88' lang='lat' dir='ltr'>in</span> <span class='ocrx_word' id='word_1_205' title='bbox 446 1769 536 1810; x_wconf 85' lang='lat' dir='ltr'>deo.</span> <span class='ocrx_word' id='word_1_206' title='bbox 585 1766 689 1809; x_wconf 78' lang='lat' dir='ltr'>Hine</span> <span class='ocrx_word' id='word_1_207' title='bbox 714 1773 776 1808; x_wconf 89' lang='lat' dir='ltr'>est</span> <span class='ocrx_word' id='word_1_208' title='bbox 799 1766 899 1822; x_wconf 92' lang='lat' dir='ltr'>quod</span> <span class='ocrx_word' id='word_1_209' title='bbox 926 1779 1192 1822; x_wconf 87' lang='lat' dir='ltr'>quaecumque</span> <span class='ocrx_word' id='word_1_210' title='bbox 1220 1765 1304 1807; x_wconf 91' lang='lat' dir='ltr'>vult</span> <span class='ocrx_word' id='word_1_211' title='bbox 1328 1765 1519 1821; x_wconf 84' lang='lat' dir='ltr'>perlicere</span> <span class='ocrx_word' id='word_1_212' title='bbox 1541 1771 1687 1821; x_wconf 85' lang='lat' dir='ltr'>potest,</span> 
     </span>
     <span class='ocr_line' id='line_1_25' title="bbox 137 1833 1688 1895; baseline -0.003 -15"><span class='ocrx_word' id='word_1_213' title='bbox 137 1837 323 1895; x_wconf 71' lang='lat' dir='ltr'>qno-&#39;iam</span> <span class='ocrx_word' id='word_1_214' title='bbox 347 1843 487 1879; x_wconf 84' lang='lat' dir='ltr'>natura</span> <span class='ocrx_word' id='word_1_215' title='bbox 508 1836 595 1878; x_wconf 88' lang='lat' dir='ltr'>eius</span> <span class='ocrx_word' id='word_1_216' title='bbox 616 1835 807 1878; x_wconf 82' lang='lat' dir='ltr'>voluntati</span> <span class='ocrx_word' id='word_1_217' title='bbox 830 1848 908 1876; x_wconf 91' lang='lat' dir='ltr'>non</span> <span class='ocrx_word' id='word_1_218' title='bbox 932 1835 1171 1886; x_wconf 89' lang='lat' dir='ltr'>reluctatur,</span> <span class='ocrx_word' id='word_1_219' title='bbox 1216 1842 1350 1876; x_wconf 84' lang='lat' dir='ltr'>nostra</span> <span class='ocrx_word' id='word_1_220' title='bbox 1382 1847 1479 1876; x_wconf 87' lang='lat' dir='ltr'>vero</span> <span class='ocrx_word' id='word_1_221' title='bbox 1508 1833 1549 1875; x_wconf 88' lang='lat' dir='ltr'>in</span> <span class='ocrx_word' id='word_1_222' title='bbox 1576 1833 1688 1875; x_wconf 90' lang='lat' dir='ltr'>nobis</span> 
     </span>
     <span class='ocr_line' id='line_1_26' title="bbox 134 1902 1688 1963; baseline -0.003 -16"><span class='ocrx_word' id='word_1_223' title='bbox 134 1905 232 1963; x_wconf 78' lang='lat' dir='ltr'>ipaia</span> <span class='ocrx_word' id='word_1_224' title='bbox 253 1912 468 1962; x_wconf 77' lang='lat' dir='ltr'>repugnat,</span> <span class='ocrx_word' id='word_1_225' title='bbox 510 1904 665 1960; x_wconf 88' lang='lat' dir='ltr'>quoties</span> <span class='ocrx_word' id='word_1_226' title='bbox 688 1904 891 1946; x_wconf 88' lang='lat' dir='ltr'>voluntate</span> <span class='ocrx_word' id='word_1_227' title='bbox 912 1904 960 1945; x_wconf 89' lang='lat' dir='ltr'>ad</span> <span class='ocrx_word' id='word_1_228' title='bbox 984 1903 1021 1945; x_wconf 90' lang='lat' dir='ltr'>id</span> <span class='ocrx_word' id='word_1_229' title='bbox 1044 1903 1282 1945; x_wconf 89' lang='lat' dir='ltr'>intendimur</span> <span class='ocrx_word' id='word_1_230' title='bbox 1303 1903 1404 1958; x_wconf 89' lang='lat' dir='ltr'>quod</span> <span class='ocrx_word' id='word_1_231' title='bbox 1425 1902 1508 1944; x_wconf 86' lang='lat' dir='ltr'>lieri</span> <span class='ocrx_word' id='word_1_232' title='bbox 1530 1902 1688 1944; x_wconf 92' lang='lat' dir='ltr'>omnino</span> 
     </span>
     <span class='ocr_line' id='line_1_27' title="bbox 135 1970 1687 2030; baseline -0.002 -15"><span class='ocrx_word' id='word_1_233' title='bbox 135 1987 216 2016; x_wconf 74' lang='lat' dir='ltr'>non</span> <span class='ocrx_word' id='word_1_234' title='bbox 241 1979 386 2030; x_wconf 86' lang='lat' dir='ltr'>poteat.</span> <span class='ocrx_word' id='word_1_235' title='bbox 449 1971 598 2015; x_wconf 89' lang='lat' dir='ltr'>Verum</span> <span class='ocrx_word' id='word_1_236' title='bbox 625 1973 726 2029; x_wconf 92' lang='lat' dir='ltr'>quod</span> <span class='ocrx_word' id='word_1_237' title='bbox 752 1973 866 2014; x_wconf 85' lang='lat' dir='ltr'>deum</span> <span class='ocrx_word' id='word_1_238' title='bbox 890 1972 1062 2014; x_wconf 84' lang='lat' dir='ltr'>diximus</span> <span class='ocrx_word' id='word_1_239' title='bbox 1086 1985 1185 2027; x_wconf 85' lang='lat' dir='ltr'>quae</span> <span class='ocrx_word' id='word_1_240' title='bbox 1210 1971 1306 2013; x_wconf 88' lang='lat' dir='ltr'>velit</span> <span class='ocrx_word' id='word_1_241' title='bbox 1327 1970 1455 2013; x_wconf 88' lang='lat' dir='ltr'>omnia</span> <span class='ocrx_word' id='word_1_242' title='bbox 1482 1971 1687 2028; x_wconf 85' lang='lat' dir='ltr'>perlicere,</span> 
     </span>
     <span class='ocr_line' id='line_1_28' title="bbox 137 2040 1686 2097; baseline -0.003 -13"><span class='ocrx_word' id='word_1_243' title='bbox 137 2056 216 2085; x_wconf 87' lang='lat' dir='ltr'>non</span> <span class='ocrx_word' id='word_1_244' title='bbox 237 2048 299 2084; x_wconf 85' lang='lat' dir='ltr'>eat</span> <span class='ocrx_word' id='word_1_245' title='bbox 323 2040 423 2097; x_wconf 93' lang='lat' dir='ltr'>quod</span> <span class='ocrx_word' id='word_1_246' title='bbox 445 2040 587 2097; x_wconf 81' lang='lat' dir='ltr'>aliquis</span> <span class='ocrx_word' id='word_1_247' title='bbox 616 2041 777 2082; x_wconf 87' lang='lat' dir='ltr'>obiiciat</span> <span class='ocrx_word' id='word_1_248' title='bbox 802 2042 934 2082; x_wconf 77' lang='lat' dir='ltr'>faeere</span> <span class='ocrx_word' id='word_1_249' title='bbox 956 2040 1063 2082; x_wconf 91' lang='lat' dir='ltr'>illum</span> <span class='ocrx_word' id='word_1_250' title='bbox 1091 2040 1207 2082; x_wconf 88' lang='lat' dir='ltr'>etiam</span> <span class='ocrx_word' id='word_1_251' title='bbox 1233 2053 1332 2096; x_wconf 87' lang='lat' dir='ltr'>quae</span> <span class='ocrx_word' id='word_1_252' title='bbox 1355 2041 1482 2082; x_wconf 88' lang='lat' dir='ltr'>minus</span> <span class='ocrx_word' id='word_1_253' title='bbox 1506 2040 1686 2082; x_wconf 83' lang='lat' dir='ltr'>deceant.</span> 
     </span>
     <span class='ocr_line' id='line_1_29' title="bbox 134 2107 1688 2167; baseline -0.003 -13"><span class='ocrx_word' id='word_1_254' title='bbox 134 2108 395 2167; x_wconf 77' lang='lat' dir='ltr'>Nequaquam</span> <span class='ocrx_word' id='word_1_255' title='bbox 419 2123 530 2151; x_wconf 85' lang='lat' dir='ltr'>vero.</span> <span class='ocrx_word' id='word_1_256' title='bbox 591 2107 694 2151; x_wconf 86' lang='lat' dir='ltr'>Nam</span> <span class='ocrx_word' id='word_1_257' title='bbox 728 2108 792 2150; x_wconf 94' lang='lat' dir='ltr'>illa</span> <span class='ocrx_word' id='word_1_258' title='bbox 823 2109 908 2152; x_wconf 86' lang='lat' dir='ltr'>vult</span> <span class='ocrx_word' id='word_1_259' title='bbox 939 2123 1038 2165; x_wconf 91' lang='lat' dir='ltr'>quae</span> <span class='ocrx_word' id='word_1_260' title='bbox 1072 2123 1116 2151; x_wconf 89' lang='lat' dir='ltr'>re</span> <span class='ocrx_word' id='word_1_261' title='bbox 1139 2109 1220 2164; x_wconf 85' lang='lat' dir='ltr'>ipsa</span> <span class='ocrx_word' id='word_1_262' title='bbox 1254 2109 1371 2160; x_wconf 78' lang='lat' dir='ltr'>facit,</span> <span class='ocrx_word' id='word_1_263' title='bbox 1416 2109 1571 2150; x_wconf 88' lang='lat' dir='ltr'>ratione</span> <span class='ocrx_word' id='word_1_264' title='bbox 1592 2121 1688 2150; x_wconf 88' lang='lat' dir='ltr'>suae</span> 
     </span>
     <span class='ocr_line' id='line_1_30' title="bbox 135 2177 1688 2235; baseline -0.001 -15"><span class='ocrx_word' id='word_1_265' title='bbox 135 2177 337 2235; x_wconf 70' lang='lat' dir='ltr'>dignitatis</span> <span class='ocrx_word' id='word_1_266' title='bbox 371 2177 526 2230; x_wconf 84' lang='lat' dir='ltr'>habita,</span> <span class='ocrx_word' id='word_1_267' title='bbox 571 2177 669 2219; x_wconf 89' lang='lat' dir='ltr'>adeo</span> <span class='ocrx_word' id='word_1_268' title='bbox 701 2184 744 2219; x_wconf 90' lang='lat' dir='ltr'>ut</span> <span class='ocrx_word' id='word_1_269' title='bbox 777 2190 904 2233; x_wconf 90' lang='lat' dir='ltr'>neque</span> <span class='ocrx_word' id='word_1_270' title='bbox 936 2178 1120 2234; x_wconf 82' lang='lat' dir='ltr'>potestati</span> <span class='ocrx_word' id='word_1_271' title='bbox 1150 2179 1356 2230; x_wconf 83' lang='lat' dir='ltr'>voluntas,</span> <span class='ocrx_word' id='word_1_272' title='bbox 1391 2191 1518 2233; x_wconf 89' lang='lat' dir='ltr'>neque</span> <span class='ocrx_word' id='word_1_273' title='bbox 1548 2177 1688 2219; x_wconf 84' lang='lat' dir='ltr'>volun-</span> 
     </span>
     <span class='ocr_line' id='line_1_31' title="bbox 135 2244 1687 2302; baseline -0.002 -13"><span class='ocrx_word' id='word_1_274' title='bbox 135 2247 206 2290; x_wconf 92' lang='lat' dir='ltr'>tati</span> <span class='ocrx_word' id='word_1_275' title='bbox 241 2247 295 2289; x_wconf 78' lang='lat' dir='ltr'>sit</span> <span class='ocrx_word' id='word_1_276' title='bbox 330 2246 530 2289; x_wconf 84' lang='lat' dir='ltr'>contraria</span> <span class='ocrx_word' id='word_1_277' title='bbox 570 2252 768 2302; x_wconf 75' lang='lat' dir='ltr'>potestas3</span> <span class='ocrx_word' id='word_1_278' title='bbox 814 2260 892 2287; x_wconf 90' lang='lat' dir='ltr'>non</span> <span class='ocrx_word' id='word_1_279' title='bbox 923 2246 1024 2302; x_wconf 88' lang='lat' dir='ltr'>qnod</span> <span class='ocrx_word' id='word_1_280' title='bbox 1067 2247 1198 2288; x_wconf 79' lang='lat' dir='ltr'>facere</span> <span class='ocrx_word' id='word_1_281' title='bbox 1239 2254 1431 2302; x_wconf 89' lang='lat' dir='ltr'>nequeat,</span> <span class='ocrx_word' id='word_1_282' title='bbox 1475 2246 1546 2287; x_wconf 89' lang='lat' dir='ltr'>sed</span> <span class='ocrx_word' id='word_1_283' title='bbox 1585 2244 1687 2300; x_wconf 87' lang='lat' dir='ltr'>quod</span> 
     </span>
     <span class='ocr_line' id='line_1_32' title="bbox 135 2315 378 2358; baseline -0.008 0"><span class='ocrx_word' id='word_1_284' title='bbox 135 2329 214 2358; x_wconf 89' lang='lat' dir='ltr'>non</span> <span class='ocrx_word' id='word_1_285' title='bbox 244 2315 378 2358; x_wconf 83' lang='lat' dir='ltr'>libeat.</span> 
     </span>
    </p>

    <p class='ocr_par' dir='ltr' id='par_1_5' title="bbox 135 2380 1690 2989">
     <span class='ocr_line' id='line_1_33' title="bbox 251 2380 1690 2438; baseline -0.003 -12"><span class='ocrx_word' id='word_1_286' title='bbox 251 2380 307 2426; x_wconf 87' lang='grc' dir='ltr'>ΙΙ.</span> <span class='ocrx_word' id='word_1_287' title='bbox 356 2380 568 2425; x_wconf 82' lang='lat' dir='ltr'>Praeterea</span> <span class='ocrx_word' id='word_1_288' title='bbox 592 2389 795 2438; x_wconf 81' lang='lat' dir='ltr'>postquam</span> <span class='ocrx_word' id='word_1_289' title='bbox 821 2381 910 2424; x_wconf 87' lang='lat' dir='ltr'>talis</span> <span class='ocrx_word' id='word_1_290' title='bbox 942 2389 1004 2425; x_wconf 83' lang='lat' dir='ltr'>est</span> <span class='ocrx_word' id='word_1_291' title='bbox 1025 2383 1273 2426; x_wconf 80' lang='lat' dir='ltr'>affectionum</span> <span class='ocrx_word' id='word_1_292' title='bbox 1306 2383 1345 2425; x_wconf 92' lang='lat' dir='ltr'>in</span> <span class='ocrx_word' id='word_1_293' title='bbox 1378 2383 1452 2424; x_wconf 85' lang='lat' dir='ltr'>deo</span> <span class='ocrx_word' id='word_1_294' title='bbox 1476 2380 1690 2423; x_wconf 90' lang='lat' dir='ltr'>constituta</span> 
     </span>
     <span class='ocr_line' id='line_1_34' title="bbox 137 2449 1688 2506; baseline -0.005 -9"><span class='ocrx_word' id='word_1_295' title='bbox 137 2453 340 2505; x_wconf 78' lang='lat' dir='ltr'>vacuitas,</span> <span class='ocrx_word' id='word_1_296' title='bbox 381 2466 467 2494; x_wconf 91' lang='lat' dir='ltr'>cum</span> <span class='ocrx_word' id='word_1_297' title='bbox 506 2452 543 2493; x_wconf 91' lang='lat' dir='ltr'>in</span> <span class='ocrx_word' id='word_1_298' title='bbox 579 2450 693 2493; x_wconf 85' lang='lat' dir='ltr'>nobis</span> <span class='ocrx_word' id='word_1_299' title='bbox 717 2450 938 2506; x_wconf 74' lang='lat' dir='ltr'>ceterisque</span> <span class='ocrx_word' id='word_1_300' title='bbox 961 2452 1106 2494; x_wconf 87' lang='lat' dir='ltr'>creatis</span> <span class='ocrx_word' id='word_1_301' title='bbox 1133 2452 1251 2494; x_wconf 87' lang='lat' dir='ltr'>rebus</span> <span class='ocrx_word' id='word_1_302' title='bbox 1272 2452 1406 2493; x_wconf 87' lang='lat' dir='ltr'>eadem</span> <span class='ocrx_word' id='word_1_303' title='bbox 1430 2451 1495 2492; x_wconf 87' lang='lat' dir='ltr'>illa</span> <span class='ocrx_word' id='word_1_304' title='bbox 1517 2463 1604 2491; x_wconf 89' lang='lat' dir='ltr'>cum</span> <span class='ocrx_word' id='word_1_305' title='bbox 1629 2449 1688 2489; x_wconf 77' lang='lat' dir='ltr'>af·</span> 
     </span>
     <span class='ocr_line' id='line_1_35' title="bbox 137 2517 1688 2576; baseline -0.004 -12"><span class='ocrx_word' id='word_1_306' title='bbox 137 2521 371 2564; x_wconf 75' lang='lat' dir='ltr'>lectionibus</span> <span class='ocrx_word' id='word_1_307' title='bbox 401 2521 609 2563; x_wconf 86' lang='lat' dir='ltr'>coniuncta</span> <span class='ocrx_word' id='word_1_308' title='bbox 642 2519 745 2569; x_wconf 89' lang='lat' dir='ltr'>sint,</span> <span class='ocrx_word' id='word_1_309' title='bbox 787 2518 820 2559; x_wconf 79' lang='lat' dir='ltr'>si</span> <span class='ocrx_word' id='word_1_310' title='bbox 843 2518 890 2559; x_wconf 90' lang='lat' dir='ltr'>ad</span> <span class='ocrx_word' id='word_1_311' title='bbox 911 2518 1017 2561; x_wconf 88' lang='lat' dir='ltr'>illum</span> <span class='ocrx_word' id='word_1_312' title='bbox 1044 2520 1197 2562; x_wconf 91' lang='lat' dir='ltr'>modum</span> <span class='ocrx_word' id='word_1_313' title='bbox 1224 2519 1416 2576; x_wconf 83' lang='lat' dir='ltr'>quippiam</span> <span class='ocrx_word' id='word_1_314' title='bbox 1439 2517 1570 2559; x_wconf 90' lang='lat' dir='ltr'>auimo</span> <span class='ocrx_word' id='word_1_315' title='bbox 1594 2531 1688 2559; x_wconf 89' lang='lat' dir='ltr'>con-</span> 
     </span>
     <span class='ocr_line' id='line_1_36' title="bbox 135 2586 1689 2648; baseline -0.005 -14"><span class='ocrx_word' id='word_1_316' title='bbox 135 2589 326 2648; x_wconf 74' lang='lat' dir='ltr'>cipiatur,</span> <span class='ocrx_word' id='word_1_317' title='bbox 368 2588 442 2631; x_wconf 91' lang='lat' dir='ltr'>alia</span> <span class='ocrx_word' id='word_1_318' title='bbox 477 2602 615 2630; x_wconf 89' lang='lat' dir='ltr'>rursus</span> <span class='ocrx_word' id='word_1_319' title='bbox 646 2586 804 2629; x_wconf 79' lang='lat' dir='ltr'>affectio</span> <span class='ocrx_word' id='word_1_320' title='bbox 842 2600 893 2629; x_wconf 83' lang='lat' dir='ltr'>ex</span> <span class='ocrx_word' id='word_1_321' title='bbox 925 2587 983 2629; x_wconf 88' lang='lat' dir='ltr'>rei</span> <span class='ocrx_word' id='word_1_322' title='bbox 1015 2589 1180 2630; x_wconf 83' lang='lat' dir='ltr'>veritate</span> <span class='ocrx_word' id='word_1_323' title='bbox 1211 2588 1431 2630; x_wconf 71' lang='lat' dir='ltr'>confitenda</span> <span class='ocrx_word' id='word_1_324' title='bbox 1464 2586 1604 2637; x_wconf 81' lang='lat' dir='ltr'>luerit,</span> <span class='ocrx_word' id='word_1_325' title='bbox 1649 2593 1689 2628; x_wconf 92' lang='lat' dir='ltr'>et</span> 
     </span>
     <span class='ocr_line' id='line_1_37' title="bbox 137 2655 1688 2715; baseline -0.001 -14"><span class='ocrx_word' id='word_1_326' title='bbox 137 2666 225 2715; x_wconf 80' lang='lat' dir='ltr'>poet</span> <span class='ocrx_word' id='word_1_327' title='bbox 259 2658 359 2701; x_wconf 85' lang='lat' dir='ltr'>hane</span> <span class='ocrx_word' id='word_1_328' title='bbox 388 2658 512 2714; x_wconf 80' lang='lat' dir='ltr'>ipsam</span> <span class='ocrx_word' id='word_1_329' title='bbox 538 2657 686 2707; x_wconf 86' lang='lat' dir='ltr'>altera,</span> <span class='ocrx_word' id='word_1_330' title='bbox 731 2655 922 2711; x_wconf 84' lang='lat' dir='ltr'>tertiaque</span> <span class='ocrx_word' id='word_1_331' title='bbox 951 2655 1147 2698; x_wconf 81' lang='lat' dir='ltr'>similiter.</span> <span class='ocrx_word' id='word_1_332' title='bbox 1209 2655 1297 2698; x_wconf 85' lang='lat' dir='ltr'>Nos</span> <span class='ocrx_word' id='word_1_333' title='bbox 1319 2655 1471 2712; x_wconf 85' lang='lat' dir='ltr'>quidem</span> <span class='ocrx_word' id='word_1_334' title='bbox 1498 2670 1576 2699; x_wconf 89' lang='lat' dir='ltr'>non</span> <span class='ocrx_word' id='word_1_335' title='bbox 1601 2656 1688 2699; x_wconf 85' lang='lat' dir='ltr'>siue</span> 
     </span>
     <span class='ocr_line' id='line_1_38' title="bbox 137 2723 1688 2783; baseline -0.001 -14"><span class='ocrx_word' id='word_1_336' title='bbox 137 2726 347 2769; x_wconf 69' lang='lat' dir='ltr'>affectione</span> <span class='ocrx_word' id='word_1_337' title='bbox 369 2739 606 2783; x_wconf 73' lang='lat' dir='ltr'>generamus</span> <span class='ocrx_word' id='word_1_338' title='bbox 634 2731 701 2766; x_wconf 89' lang='lat' dir='ltr'>aut</span> <span class='ocrx_word' id='word_1_339' title='bbox 732 2723 952 2779; x_wconf 80' lang='lat' dir='ltr'>gignimur,</span> <span class='ocrx_word' id='word_1_340' title='bbox 1000 2731 1206 2780; x_wconf 85' lang='lat' dir='ltr'>propterea</span> <span class='ocrx_word' id='word_1_341' title='bbox 1240 2725 1341 2780; x_wconf 90' lang='lat' dir='ltr'>quod</span> <span class='ocrx_word' id='word_1_342' title='bbox 1375 2730 1515 2766; x_wconf 88' lang='lat' dir='ltr'>natura</span> <span class='ocrx_word' id='word_1_343' title='bbox 1552 2731 1688 2767; x_wconf 87' lang='lat' dir='ltr'>nostra</span> 
     </span>
     <span class='ocr_line' id='line_1_39' title="bbox 138 2792 1686 2850; baseline -0.001 -13"><span class='ocrx_word' id='word_1_344' title='bbox 138 2802 435 2850; x_wconf 83' lang='lat' dir='ltr'>ceterarumque</span> <span class='ocrx_word' id='word_1_345' title='bbox 458 2808 588 2836; x_wconf 88' lang='lat' dir='ltr'>rerum</span> <span class='ocrx_word' id='word_1_346' title='bbox 614 2807 713 2849; x_wconf 88' lang='lat' dir='ltr'>quae</span> <span class='ocrx_word' id='word_1_347' title='bbox 737 2792 902 2848; x_wconf 82' lang='lat' dir='ltr'>gignunt</span> <span class='ocrx_word' id='word_1_348' title='bbox 926 2799 993 2833; x_wconf 88' lang='lat' dir='ltr'>aut</span> <span class='ocrx_word' id='word_1_349' title='bbox 1019 2792 1066 2834; x_wconf 89' lang='lat' dir='ltr'>ab</span> <span class='ocrx_word' id='word_1_350' title='bbox 1090 2792 1176 2834; x_wconf 82' lang='lat' dir='ltr'>aliis</span> <span class='ocrx_word' id='word_1_351' title='bbox 1200 2793 1413 2848; x_wconf 87' lang='lat' dir='ltr'>gignuntur</span> <span class='ocrx_word' id='word_1_352' title='bbox 1439 2793 1686 2850; x_wconf 88' lang='lat' dir='ltr'>partitionem</span> 
     </span>
     <span class='ocr_line' id='line_1_40' title="bbox 138 2859 1686 2918; baseline 0 -13"><span class='ocrx_word' id='word_1_353' title='bbox 138 2862 327 2911; x_wconf 76' lang='lat' dir='ltr'>admittit.</span> <span class='ocrx_word' id='word_1_354' title='bbox 358 2877 403 2905; x_wconf 89' lang='lat' dir='ltr'>ac</span> <span class='ocrx_word' id='word_1_355' title='bbox 428 2862 626 2918; x_wconf 84' lang='lat' dir='ltr'>profluens</span> <span class='ocrx_word' id='word_1_356' title='bbox 648 2868 731 2912; x_wconf 83' lang='lat' dir='ltr'>est,</span> <span class='ocrx_word' id='word_1_357' title='bbox 775 2868 815 2901; x_wconf 89' lang='lat' dir='ltr'>et</span> <span class='ocrx_word' id='word_1_358' title='bbox 838 2859 1069 2910; x_wconf 86' lang='lat' dir='ltr'>collatatur,</span> <span class='ocrx_word' id='word_1_359' title='bbox 1114 2867 1182 2902; x_wconf 90' lang='lat' dir='ltr'>aut</span> <span class='ocrx_word' id='word_1_360' title='bbox 1202 2860 1467 2914; x_wconf 88' lang='lat' dir='ltr'>contrahitur,</span> <span class='ocrx_word' id='word_1_361' title='bbox 1508 2868 1549 2904; x_wconf 90' lang='lat' dir='ltr'>et</span> <span class='ocrx_word' id='word_1_362' title='bbox 1572 2862 1686 2906; x_wconf 85' lang='lat' dir='ltr'>molis</span> 
     </span>
     <span class='ocr_line' id='line_1_41' title="bbox 138 2927 1684 2989; baseline 0.002 -16"><span class='ocrx_word' id='word_1_363' title='bbox 138 2930 419 2974; x_wconf 78' lang='lat' dir='ltr'>incrementum</span> <span class='ocrx_word' id='word_1_364' title='bbox 443 2931 505 2973; x_wconf 87' lang='lat' dir='ltr'>vel</span> <span class='ocrx_word' id='word_1_365' title='bbox 530 2929 824 2972; x_wconf 78' lang='lat' dir='ltr'>diminutionem</span> <span class='ocrx_word' id='word_1_366' title='bbox 853 2927 1011 2986; x_wconf 85' lang='lat' dir='ltr'>patitur,</span> <span class='ocrx_word' id='word_1_367' title='bbox 1043 2942 1089 2970; x_wconf 90' lang='lat' dir='ltr'>ac</span> <span class='ocrx_word' id='word_1_368' title='bbox 1113 2935 1247 2971; x_wconf 85' lang='lat' dir='ltr'>cetera</span> <span class='ocrx_word' id='word_1_369' title='bbox 1269 2929 1305 2971; x_wconf 84' lang='lat' dir='ltr'>id</span> <span class='ocrx_word' id='word_1_370' title='bbox 1326 2943 1451 2986; x_wconf 83' lang='lat' dir='ltr'>genus</span> <span class='ocrx_word' id='word_1_371' title='bbox 1472 2944 1571 2989; x_wconf 90' lang='lat' dir='ltr'>quae</span> <span class='ocrx_word' id='word_1_372' title='bbox 1597 2946 1684 2976; x_wconf 88' lang='lat' dir='ltr'>cum</span> 
     </span>
    </p>
   </div>
  </div>
 </body>
</html>
