2020 3276
458 261 642 296 rammi
662 261 748 295 mn.
764 261 824 295 m.
845 261 956 296 ΤοΜ.
974 262 1017 295 11.
1040 260 1174 295 nanu.
1194 261 1343 295 Lxxx.
1584 252 1664 294 481

123 354 368 400 naquaquam
391 340 588 397 legitimae
610 341 714 393 sint,
754 340 825 382 sed
850 341 955 382 in’ter
977 348 1166 384 externas
1192 341 1432 394 habeantur,
1477 355 1524 383 ac
1542 340 1669 383 solum

124 410 200 455 sibi
220 407 491 455 Christianum
513 422 654 452 nomen
675 409 901 451 vendicent.
962 407 1076 464 Quae
1099 425 1187 451 cum
1211 410 1266 452 ita
1290 410 1395 463 sint,
1427 410 1576 452 veritas
1601 423 1673 451 no-

125 479 187 523 bis
206 478 294 537 ipsa
312 478 548 522 declaranda
567 484 765 535 superest,
797 484 914 534 atque
932 478 1047 520 unica
1070 477 1252 520 nimirum
1269 481 1339 519 illa
1354 479 1540 528 columba,
1573 492 1673 535 quae

127 561 153 592 a
178 560 327 605 apuuao
356 546 614 589 collaudatur.

239 613 441 672 Quocirca
462 629 550 656 cum
573 613 692 656 otium
719 614 824 656 nacti
846 615 993 667 simus,
1026 621 1114 671 post
1135 614 1277 656 enixas
1303 615 1350 656 ad
1377 614 1489 657 deum
1513 628 1669 671 preces,
1695 616 1777 660 0⁸1³·
1792 616 1856 649 Χῖ·

126 680 456 741 damnatione
482 682 669 736 brevem,
712 683 770 725 sic
792 683 980 725 maiorum
1005 683 1215 725 traditione
1238 690 1384 724 certam
1409 683 1589 725 veritatis
1608 684 1675 725 de-

128 752 347 796 maiouem
370 752 556 809 deinceps
578 752 843 794 instituemus.
904 749 1018 806 Quae
1051 750 1205 807 quidem
1233 766 1311 793 non
1342 758 1518 810 tempore
1543 759 1677 808 poste-

128 820 237 874 fior,
281 819 361 862 imo
392 834 490 863 vero
522 820 632 877 prior
652 819 832 863 omnibus
864 819 997 862 extitit
1007 836 1020 873 3
1061 834 1213 876 nosque
1236 820 1284 861 de
1307 833 1353 860 ea
1375 826 1467 861 ante
1491 821 1677 863 haereses

130 899 292 943 unm,
322 903 411 933 cum
433 889 482 930 de
501 886 651 932 Christi
673 889 944 932 incarnatione
967 889 1270 941 dissereremus,
1302 889 1543 930 mentionem
1563 889 1677 930 initio

130 959 312 1004 teci-ns.
382 955 532 999 Eadem
563 971 680 1014 porro
712 971 815 1000 nnnc
844 972 931 1000 cnm
966 971 1103 999 omnes
1138 956 1359 1009 antecedit,
1402 963 1481 999 tum
1515 955 1679 1000 Christo

129 1028 288 1072 tle-ino
316 1033 406 1085 post
432 1026 518 1069 eius
541 1025 874 1078 incarnationem,
915 1027 1025 1068 velut
1047 1039 1192 1083 sponsa
1218 1025 1407 1082 quaedam
1432 1026 1680 1068 sanctissima

131 1096 340 1140 coniuncta
370 1101 447 1138 est.
509 1092 624 1149 Quae
655 1101 696 1136 et
730 1094 821 1136 olim
851 1109 937 1137 cum
968 1095 1124 1137 Adamo
1157 1095 1346 1147 formata,
1390 1100 1430 1136 et
1449 1093 1488 1135 in
1514 1094 1591 1136 illis
1614 1093 1680 1150 qui

130 1164 373 1209 manum
407 1169 710 1221 praecesserunt
741 1163 964 1220 praedicata
997 1162 1196 1221 patribus,
1245 1169 1285 1205 et
1315 1169 1403 1218 post
1438 1162 1680 1205 Abraamum

132 1233 247 1277 uon
275 1232 442 1285 merita,
485 1238 525 1274 et
555 1245 626 1288 per
645 1229 830 1289 Moysem
853 1233 1074 1288 patefacta,
1115 1238 1155 1273 et
1173 1232 1275 1288 apud
1297 1230 1441 1274 Isaiam
1463 1232 1679 1289 praedicta,

131 1308 175 1346 et
194 1301 238 1345 in
259 1298 428 1345 Christo
456 1300 748 1352 demonstrata,
791 1314 878 1342 cum
912 1313 1039 1356 eoque
1072 1299 1187 1342 simul
1217 1300 1422 1353 existens,
1462 1299 1684 1357 posteriore

133 1384 159 1415 a
179 1369 294 1414 nobis
310 1369 401 1412 loeo
420 1368 771 1411 commendabitur.
814 1367 919 1410 Nam
940 1369 1125 1411 athletam
1151 1376 1307 1424 oportet
1327 1369 1492 1426 primum
1511 1368 1684 1410 omnium

132 1439 176 1482 in
195 1436 412 1482 certamine
435 1451 482 1479 ac
506 1437 641 1479 labore
665 1436 888 1493 ceterisque
911 1437 1125 1493 generibus
1148 1438 1357 1489 exerceri,
1390 1444 1432 1479 ut
1455 1445 1593 1494 postea
1618 1451 1685 1478 co-

133 1521 273 1551 ronam
303 1506 490 1549 auferens
519 1504 561 1547 in
587 1505 734 1547 laetitia
766 1519 814 1547 ac
844 1505 1044 1563 voluptate
1078 1506 1210 1562 degat.
1272 1504 1317 1548 In
1341 1519 1418 1562 quo
1441 1506 1595 1562 quidem
1617 1519 1685 1547 co-

134 1588 235 1620 rona
252 1574 340 1633 ipsa
360 1588 439 1616 non
459 1581 658 1631 postrema
681 1574 852 1615 omnium
878 1581 960 1626 est,
1005 1575 1074 1616 sed
1096 1575 1223 1617 luctae
1247 1588 1293 1616 ac
1316 1574 1521 1616 certamini
1544 1588 1686 1630 propo-

137 1645 213 1688 siu
237 1649 437 1703 postremo
459 1642 495 1684 ei
523 1643 587 1698 qui
618 1642 656 1684 in
681 1656 839 1684 arenam
865 1643 1136 1696 descenderit,
1179 1643 1226 1685 ad
1252 1643 1491 1699 voluptatem
1517 1642 1687 1684 delecta-

138 1712 363 1769 u'ouemque
385 1710 582 1754 tribuitur.
616 1709 730 1766 Quae
752 1726 840 1753 cum
865 1711 918 1753 ita
938 1725 981 1754 se
1006 1711 1190 1765 habeant,
1217 1712 1265 1753 ad
1289 1712 1510 1753 institutum
1534 1725 1686 1753 sermo-

138 1787 232 1825 nem
252 1780 482 1830 redeamus,
515 1780 629 1836 idque
654 1781 969 1822 demonstremus
987 1780 1128 1837 ipsum,
1161 1781 1356 1837 quomodo
1379 1794 1466 1822 cum
1487 1780 1688 1835 octoginta

140 1848 300 1908 pellicea
318 1849 399 1891 sint
420 1862 467 1891 ac
489 1849 699 1905 sexaginta
722 1849 908 1905 reginae,
941 1849 1056 1891 unica
1076 1849 1191 1904 virgo
1210 1849 1278 1902 sit,
1311 1856 1352 1891 et
1371 1855 1497 1900 casta,
1531 1849 1688 1891 eadem-

142 1924 407 1975 quemn,
448 1917 649 1970 columba,
691 1931 819 1974 agna,
861 1924 997 1960 sancta
1022 1917 1084 1959 dei
1110 1918 1275 1970 civitas,
1318 1918 1438 1970 tides,
1479 1932 1525 1958 ac
1544 1918 1875 1982 firma-13'1‘1‘fgoth·

142 1992 305 2028 mm
326 1988 517 2034 κη’ωἱὰ,
536 1987 660 2039 firma
677 1994 808 2040 petra,
853 1994 987 2027 eontra
1009 2001 1118 2041 quam
1137 1994 1274 2040 portae
1296 1989 1417 2043 inseri
1433 2001 1508 2027 non
1523 1999 1686 2040 praeva-
1729 1976 1846 2059 *¹33¹ss-

144 2054 287 2097 lebue.
346 2050 451 2095 Nam
474 2053 548 2095 huc
573 2067 696 2110 nsque
721 2055 874 2107 divina,
907 2069 1020 2111 quam
1047 2055 1367 2111 imploravimus,
1408 2069 1484 2112 ope
1505 2069 1552 2097 ac
1576 2068 1690 2112 prae-

145 2122 248 2166 sidio
268 2121 359 2164 freti
379 2120 454 2164 boc
475 2122 645 2164 assecuti
676 2135 811 2166 snmus
833 2130 876 2165 ut
904 2131 1125 2180 susceptam
1147 2138 1169 2166 a
1192 2124 1306 2166 nohis
1327 2124 1375 2165 de
1396 2124 1575 2166 omnibus
1598 2124 1692 2165 hae·

144 2191 302 2235 minu·
322 2189 622 2247 disputationem
642 2189 959 2245 absolveremus3
992 2206 1105 2248 quam
1129 2193 1177 2234 ad
1199 2190 1531 2235 Massalianorum
1555 2192 1693 2234 haere-

145 2259 210 2303 sin
241 2272 364 2315 usqne
395 2258 665 2316 perduximus.
726 2258 811 2302 Hac
842 2259 971 2316 itaque
1000 2260 1109 2303 velut
1132 2262 1296 2318 quodam
1331 2261 1526 2317 evangelii
1557 2261 1692 2302 calceo

148 2328 397 2387 proculcata,
442 2327 603 2383 perinde
634 2341 681 2369 ac
716 2326 1010 2371 chamaeleonte
1040 2329 1273 2386 multipede,
1316 2329 1418 2387 turpi
1439 2343 1487 2371 ac
1509 2328 1692 2381 deformi,

147 2405 191 2440 et
211 2396 388 2455 graviter
407 2396 561 2448 olente,
603 2395 654 2438 ob
675 2395 771 2439 hanc
792 2396 920 2438 omnia
940 2397 1001 2439 dei
1021 2398 1170 2454 gratias
1189 2412 1374 2455 agamus,
1417 2411 1462 2440 ac
1485 2405 1634 2454 patrem
1652 2396 1693 2438 in

149 2465 253 2519 atio,
283 2465 403 2508 fllium
424 2465 462 2507 in
486 2471 595 2522 patre
614 2478 700 2506 cum
724 2471 862 2507 sancto
881 2464 1019 2521 spiritu
1041 2466 1285 2509 celebremus
1308 2466 1348 2508 iu
1371 2466 1531 2508 saecula
1557 2479 1693 2508 saecu·

150 2533 276 2578 lurum
288 2565 302 2587 ‚
333 2533 479 2576 Amen.

196 2621 455 2681 &2:303st
476 2625 567 2658 codd.
578 2633 652 2657 mss.
669 2627 698 2657 et
717 2625 789 2658 edit.
800 2626 900 2666 princ.
991 2622 1023 2659 6.
1048 2620 1264 2669 ὖποδῆγματι
1284 2627 1351 2659 cod-
1377 2626 1506 2667 Rhedi'g.

195 2669 232 2705 a.
256 2681 296 2706 ου
318 2665 577 2716 κατισχύσουσιν
596 2670 663 2703 eoa.
686 2670 815 2711 amata.
839 2664 902 2704 οὐκ
991 2669 1023 2704 7.
1049 2671 1242 2712 suompte
1260 2673 1293 2703 tn
1312 2672 1403 2705 eoae.
1426 2680 1500 2703 m.
1519 2673 1563 2703 ια
1589 2668 1696 2708 Tou<

152 2711 389 2762 ἐπαχύοονσιν
409 2716 478 2751 cod.
498 2716 563 2750 len.
599 2710 661 2751 οὐκ
681 2711 899 2760 α’ντισχύσου-
943 2713 987 2750 τὰ
1006 2713 1094 2750 κατὰ
1113 2715 1350 2759 moechm&
1371 2716 1605 2761 (σαμαλιανῶν
1626 2715 1695 2749 cod.

154 2770 207 2797 σιν
227 2762 304 2796 dtu
325 2762 405 2796 tibrt.
946 2759 1026 2804 len.)
1050 2757 1217 2805 δόγματα.

232 3149 350 3188 Corpus
363 3149 545 3180 Baereoenl.
570 3149 608 3179 u.
624 3150 650 3178 1.
1376 3152 1424 3193 31
