2020 3276
361 178 442 222 768

404 267 520 312 gitium
540 277 654 300 eorum
677 265 898 299 execrandum
911 265 944 300 in
962 266 1109 312 profun-

404 323 515 357 dendo
529 330 564 356 et
590 321 765 367 perdendo
788 322 914 356 semine
937 326 1015 357 225.

359 380 508 424 Origenis
541 378 687 413 haeresis
715 382 770 411 44.
804 379 874 413 sive
909 379 1027 415 ordine
1052 391 1110 414 se-

402 436 567 481 xagesima
588 443 705 481 quarta
724 438 801 468 524.
822 455 868 462 -
893 436 963 470 eius
985 448 1108 482 paren-

402 500 454 526 tes
486 499 519 527 et
548 492 656 538 patria
687 499 825 538 totaque
861 492 999 528 historia
1028 493 1109 528 ibid.

404 569 447 575 —
470 549 506 583 iu
526 549 647 584 christi
667 549 733 583 fide
755 550 943 584 constantia
965 553 1042 584 525.
1064 569 1110 576 —

403 606 550 640 eiusdem
567 606 679 651 lapsus
699 606 779 641 ibid.
794 626 837 632 —
861 606 988 640 mavult
1008 607 1108 640 saci-i-

404 663 502 698 fioere
525 663 624 697 idolis
648 674 746 708 quam
767 670 918 709 stuprum
939 663 1009 709 pati
1027 662 1108 696 ibid.

403 739 448 747 —
471 720 540 754 eius
560 720 768 766 poenitentia
787 720 868 755 ibid.
890 739 926 746 -·
961 720 1003 754 ab
1026 723 1109 754 Am-

406 777 516 812 brosio
538 777 655 811 missus
680 777 914 811 commentaria
936 777 1051 811 scr-ibit
1074 777 1108 810 in

404 835 601 880 scripturam
620 834 701 868 ibid.
715 854 759 861 -
782 833 852 868 eius
863 834 1109 868 lucubrationes

404 904 444 926 ac
467 891 577 925 studia
599 891 758 926 acerrima
781 903 841 937 per
865 894 919 924 28.
943 902 1049 925 annos
1074 890 1107 923 in

404 951 498 998 Tyro
522 951 598 983 526.
623 968 662 975 -
710 948 872 982 editiones
892 960 1005 982 sacrae
1023 947 1110 981 scri-

403 1013 521 1052 pturae
544 1006 586 1040 ab
610 1017 652 1040 eo
675 1004 830 1051 proditae
851 1004 933 1039 ibid.

360 1063 511 1108 Origeuis
547 1062 712 1097 editiones
751 1069 784 1096 et
823 1061 992 1096 volumina
1026 1072 1111 1106 quae

404 1119 557 1166 Hexapla
575 1119 731 1153 dicuntur
750 1122 829 1153 526.
843 1138 888 1145 -
913 1119 957 1152 ob
974 1117 1110 1151 nimiam

405 1178 574 1212 literarum
593 1176 724 1222 copiam
746 1176 863 1210 incidit
882 1175 917 1209 in
936 1174 1110 1216 haeresim,

405 1235 494 1269 unde
515 1234 720 1280 Origenistae
740 1233 820 1267 ibid.
836 1252 879 1259 —-
903 1232 959 1266 alii
981 1245 1000 1266 a
1021 1231 1111 1277 prio-

403 1293 494 1327 ribus
527 1292 583 1338 qui
618 1291 699 1325 dicti
731 1297 811 1323 sunt
846 1289 939 1323 foedi
963 1292 1041 1322 52⁷.
1068 1308 1110 1314 —

404 1349 552 1395 seipsum
581 1347 759 1388 castravit,
793 1346 838 1381 ad
859 1346 1032 1380 illecebras
1055 1344 1109 1379 vi-

403 1407 544 1448 tandas,
578 1412 613 1440 et
638 1405 884 1439 medicamento
915 1403 1110 1437 memoriam

404 1463 562 1499 excitavit
585 1462 664 1496 ibid.
777 1458 780 1461 ⁴

359 1521 549 1567 Origeniani
569 1526 665 1554 erant
683 1519 831 1565 plerique
855 1516 1010 1552 monachi
1029 1516 1110 1550 ibid.

404 1598 448 1607 —
471 1578 513 1612 ab
527 1578 592 1612 illis
605 1577 700 1611 Arius
713 1583 747 1610 et
764 1576 874 1610 Ariani
887 1573 969 1608 ibid.
985 1593 1028 1600 —
1052 1585 1110 1607 er-

405 1648 497 1671 rores
507 1634 657 1680 origenis
667 1633 748 1667 ibid.
759 1653 800 1658 —
823 1630 1018 1665 testimonia
1030 1630 1109 1664 scri·

406 1701 522 1739 pturae
549 1692 591 1725 ab
612 1703 653 1725 eo
675 1690 807 1736 prolata
829 1692 908 1724 528.
931 1708 974 1715 -
1022 1686 1110 1721 unde

407 1761 526 1795 corpus
557 1740 666 1793 &ipae
701 1754 735 1781 et
769 1744 883 1793 ψυχήν
917 1745 1061 1779 animam
1089 1756 1110 1778 a

408 1806 544 1842 Graecis
564 1806 687 1839 dictam
709 1811 803 1849 putet
822 1802 903 1837 ibid.
917 1821 956 1829 -
980 1801 1110 1836 infinita

407 1875 513 1910 prope
532 1862 664 1908 scripsit
683 1864 760 1895 529.
781 1881 827 1888 —
861 1860 932 1893 eius
957 1859 1025 1894 vita
1047 1870 1109 1893 au-

405 1929 507 1966 stera,
527 1927 563 1954 et
581 1926 764 1954 ascetarum
784 1916 961 1952 consimilis
972 1915 1110 1950 ibid.—

407 1979 485 2012 fons
505 1978 574 2011 eius
597 1988 746 2010 errorum
769 1974 850 2010 ibid.

361 2038 562 2070 Ossenorum
590 2032 736 2067 haeresis
763 2042 848 2077 quae
868 2037 920 2064 est
939 2036 1033 2064 sexta
1051 2030 1109 2063 Iu-

406 2092 567 2126 daeorum
588 2093 642 2125 39.
658 2110 699 2116 —
747 2089 835 2122 unde
857 2087 1018 2132 originem
1037 2092 1110 2119 tra-

407 2149 458 2184 xit
474 2151 531 2183 40.
548 2167 592 2174 —
625 2146 713 2181 unde
731 2146 766 2179 id
789 2156 911 2179 nomen
929 2142 1110 2176 deductum

407 2206 488 2241 ibid.
506 2225 546 2232 -—
572 2204 615 2239 ad
633 2204 797 2238 orientem
820 2207 944 2246 negant
963 2200 1109 2234 adoran-

408 2265 489 2298 dum
509 2274 603 2303 esse,
626 2261 687 2295 sed
708 2271 821 2295 versus
842 2257 1109 2302 Hierosolymam

408 2322 450 2356 ad
467 2331 618 2355 occasum
631 2322 689 2352 42.
711 2337 751 2343 -
782 2315 942 2350 sacrificia
958 2314 1111 2348 reiiciunt

408 2378 488 2412 ibid.
501 2397 544 2404 —
567 2376 671 2410 iidem
682 2377 793 2420 ignem
805 2373 964 2407 damnant
974 2370 1054 2404 ibid.
1070 2390 1110 2396 —

409 2447 527 2481 aquam
548 2434 693 2480 probant
721 2431 803 2465 ibid.
827 2449 871 2456 —
930 2427 1110 2463 eorundem

409 2492 538 2527 somnia
549 2491 593 2525 de
607 2490 739 2524 Christo
750 2487 829 2522 ibid.
846 2506 885 2512 —
913 2497 1026 2520 eorum
1037 2497 1110 2518 ora-

410 2551 459 2585 tio
481 2548 561 2583 ibid.
584 2568 628 2575 —-
661 2543 893 2591 interpretatio
911 2542 1111 2588 singularum

409 2619 529 2643 vocum
551 2609 607 2640 43.

366 2666 444 2701 Ovis
458 2664 592 2700 victima
608 2662 814 2700 ludaeorum,
837 2670 934 2692 ovem
957 2657 992 2691 in
1015 2668 1112 2691 cruce

409 2729 587 2757 mactatam
610 2718 805 2764 designabat
831 2719 884 2750 20.

366 2776 499 2820 odota<
517 2789 639 2813 nomen
659 2775 763 2810 curin
783 2773 905 2808 divinis
923 2772 989 2806 fuit
1008 2782 1112 2805 exco-

411 2838 553 2883 gitatum
577 2837 654 2868 859.

720 2937 755 2970 Ρ.

367 3006 539 3043 paradisus
576 3005 741 3040 terrestris
771 3002 842 3048 quis
871 3008 906 3034 et
932 2999 987 3033 ubi
1009 2997 1112 3032 fuerit

414 3067 489 3099 572.
525 3083 566 3091 —
627 3063 815 3097 refutantur
850 3057 905 3103 qui
937 3056 972 3090 iu
1008 3054 1110 3089 tertio

958 186 1105 222 mnssx
1126 186 1296 223 RERUM.

1201 267 1296 303 coelo
1316 268 1417 302 fuisse
1429 279 1503 302 enm
1514 274 1665 303 asserunt
1679 268 1762 306 ibid.
1784 288 1826 297 --
1849 269 1904 304 hic

1200 332 1252 358 est
1282 324 1316 358 in
1351 325 1442 359 Eden
1475 324 1520 359 ad
1552 325 1719 360 orientem
1754 325 1903 360 consitus

1202 380 1288 415 unde
1313 381 1377 415 fuit
1401 381 1550 416 deiectus
1575 381 1680 416 Adam
1702 384 1780 417 ow.

1155 438 1280 472 Pascha
1315 450 1412 484 quam
1446 438 1578 472 incerto
1613 437 1669 473 die
1702 450 1724 474 e
1754 438 1903 486 pinnibu-

1202 495 1302 529 i'uerit
1328 495 1532 529 celebratum
1554 498 1632 530 421.

1156 551 1323 586 Paschatis
1350 551 1526 586 celebritas
1547 551 1817 588 obsemnioa-
1838 552 1903 587 tri—

1200 608 1321 653 plicem
1338 609 1478 654 requirit
1495 611 1574 643 823.
1597 621 1653 636 ——··=
1685 617 1764 655 post
1784 609 1904 655 aqui—

1201 665 1349 698 noctium
1379 665 1540 700 celebrari
1570 665 1694 708 debet,
1728 665 1822 712 quod
1845 667 1903 700 in-

1199 721 1274 755 daei
1285 733 1354 756 non
1371 730 1508 756 servant
1525 722 1606 756 ibid.
1621 741 1663 748 —
1699 722 1823 757 Pascha
1842 722 1901 756 mi-

1199 778 1287 812 nime
1308 781 1360 812 14,
1381 779 1458 814 luna
1478 778 1713 814 celebrandum
1734 782 1812 814 824.

1156 835 1365 870 Patriarchae
1393 844 1521 870 veteres
1544 836 1751 872 Christianos
1782 835 1904 872 adum-

1200 892 1297 926 brant
1319 895 1351 925 6.

1155 949 1366 984 Patriarchae
1401 950 1501 984 iudae
1532 950 1713 992 historiae,
1752 957 1789 985 et
1819 962 1903 997 quse

1147 1009 1150 1013 ”
1199 1006 1234 1040 iu
1253 1006 1382 1040 balneis
1399 1007 1447 1040 illi
1466 1007 1670 1052 contigerint
1690 1010 1768 1042 181.
1784 1014 1821 1042 et
1839 1007 1904 1042 de—

1200 1075 1326 1110 inceps.

1157 1121 1348 1155 Patriarcha
1370 1121 1567 1156 ludaeorum
1587 1133 1683 1157 sacro
1704 1121 1905 1168 baptismate

1201 1178 1350 1212 initiatus
1374 1181 1451 1212 128.
1654 1188 1655 1191 ’

1156 1235 1368 1269 patriarchae
1380 1234 1556 1269 duodecim
1565 1247 1586 1269 a
1595 1235 1719 1270 Iacobo
1731 1235 1836 1281 geniti
1847 1238 1902 1271 10.

1156 1292 1263 1326 Patris
1302 1304 1446 1338 persona
1481 1303 1549 1326 nou
1589 1292 1669 1326 satis
1709 1292 1905 1338 exprimitur

1202 1350 1304 1384 verbo
1329 1349 1472 1395 Ingeniti
1507 1352 1583 1382 866.
1607 1367 1653 1375 -
1701 1349 1787 1384 circu
1822 1350 1906 1385 haec

1200 1406 1445 1440 haereticorum
1467 1406 1543 1440 loen
1568 1406 1732 1452 quaedum
1755 1409 1834 1441 808.
1858 1427 1903 1435 —

1200 1464 1227 1497 si
1250 1464 1322 1509 quis
1336 1464 1439 1497 filium
1458 1463 1600 1497 similem
1618 1464 1707 1510 petri
1726 1464 1904 1499 voluntate

1200 1529 1235 1555 et
1256 1521 1442 1555 substantia
1464 1520 1658 1555 dissimilem
1677 1520 1801 1556 dixerit
1818 1531 1904 1555 ens-

1200 1578 1314 1612 thema
1342 1578 1388 1612 sit
1415 1580 1494 1612 869.
1519 1597 1566 1604 -
1610 1578 1672 1612 sed
1690 1578 1725 1612 in
1749 1577 1903 1612 omnibus

1201 1635 1288 1680 patri
1307 1634 1424 1668 similis
1444 1643 1496 1669 est
1508 1635 1594 1669 filins
1613 1628 1694 1669 ibid.
1712 1654 1756 1661 —
1780 1634 1905 1670 Valen-

1200 1691 1243 1725 tis
1266 1699 1302 1726 et
1320 1692 1431 1725 Basilii
1455 1692 1625 1738 episcopi,
1650 1691 1733 1726 item
1753 1691 1906 1726 Marcelli

1202 1743 1354 1795 Ancyrae
1376 1749 1542 1795 episcopi,
1578 1749 1692 1795 quales
1715 1760 1816 1795 snper
1838 1749 1905 1783 hoc

1202 1807 1328 1840 fuerint
1359 1806 1596 1840 attestationes
1633 1809 1711 1840 869.
1744 1824 1790 1833 -
1848 1805 1905 1852 qui

1200 1863 1348 1909 episcopi
1377 1863 1454 1897 huic
1481 1864 1669 1898 sententiae
1697 1863 1905 1909 subscripse-

1199 1920 1269 1954 rint
1303 1922 1380 1956 8⁷0.
1414 1940 1458 1946 ——
1517 1920 1678 1956 dissensio
1710 1919 1905 1955 interillos

1199 1977 1388 2011 haereticos
1407 1977 1486 2011 ibid.
1505 1997 1548 2003 —-
1574 1977 1788 2013 Constantius
1798 1977 1904 2024 impe·

1201 2042 1296 2068 rator
1317 2034 1383 2068 illie
1407 2035 1542 2069 favebat
1563 2034 1644 2069 ibid.
1709 2045 1713 2050 ·

1156 2091 1248 2125 Pauli
1270 2091 1364 2126 locus
1384 2104 1425 2126 ex
1446 2092 1590 2138 epistole
1609 2092 1655 2126 ad
1674 2092 1770 2127 Rom.
1793 2091 1904 2138 expli—

1201 2156 1293 2183 catus
1317 2150 1427 2195 capite
1449 2149 1593 2195 septimo
1617 2152 1698 2184 5⁵16.

1157 2207 1273 2240 Paulus
1307 2207 1453 2241 Graecus
1481 2207 1653 2242 Tarsensis
1684 2206 1752 2241 fuit
1785 2213 1905 2252 postea

1200 2264 1390 2310 proselytus
1415 2267 1492 2299 149.

1157 2321 1273 2355 Paulus
1312 2321 1485 2367 apostolus
1519 2321 1673 2366 gentium¹
1709 2333 1749 2356 uc
1783 2331 1903 2366 pmeoo

1201 2381 1326 2412 Lucam
1349 2379 1508 2412 comitem
1531 2378 1708 2424 assumpsit
1734 2380 1790 2411 50.
1814 2380 1868 2411 51.

1157 2436 1274 2470 Paulus
1296 2435 1482 2481 linguarum
1503 2435 1569 2469 fuit
1589 2435 1806 2481 peritissimus
1825 2436 1902 2469 sel.

1158 2493 1275 2527 Paulus
1307 2492 1447 2527 obscure
1476 2492 1538 2526 sed
1563 2500 1656 2526 recte
1683 2491 1795 2527 omnia
1816 2502 1900 2538 pm·

1203 2550 1368 2584 nuntiavit
1391 2552 1470 2584 552.

1158 2608 1309 2642 Paulinus
1354 2607 1581 2641 Antiocheam
1605 2598 1828 2641 'catholicam
1863 2617 1900 2640 se

1201 2665 1380 2710 profitetur
1402 2666 1503 2697 1015.
1526 2683 1567 2691 --
1609 2663 1796 2709 exemplum
1815 2661 1903 2697 illius

1202 2721 1421 2767 professionis
1440 2721 1521 2756 ibid.

1157 2779 1249 2813 Pauli
1281 2778 1490 2813 Samosateni
1524 2778 1668 2812 haeresis
1698 2779 1754 2824 45.
1787 2777 1904 2813 ordine

1204 2839 1258 2869 65.
1293 2839 1370 2869 607.
1397 2855 1437 2862 -
1485 2835 1618 2880 quando
1649 2840 1686 2867 et
1720 2834 1775 2868 ubi
1806 2842 1904 2869 natus

1202 2893 1284 2927 ibid.
1309 2912 1352 2919 —
1398 2892 1467 2926 eius
1491 2891 1604 2936 opinio
1625 2902 1689 2936 qua
1710 2891 1901 2926 Artemonis

1203 2950 1364 2984 haeresim
1393 2947 1568 2984 renovavit
1592 2949 1670 2980 608.
1697 2967 1737 2974 -
1785 2948 1902 2994 quibus

1205 3021 1246 3042 ex
1258 3008 1341 3042 locis
1361 3006 1544 3051 scripturae
1560 3016 1654 3038 suum
1677 3004 1798 3050 dogma
1817 3017 1902 3040 con-

1201 3066 1312 3100 firmet
1327 3063 1408 3098 ibid.
1434 3082 1474 3089 -
1499 3061 1567 3096 eius
1586 3061 1748 3097 refutatio
1768 3061 1904 3097 ibid.—
