1976 3262
431 208 616 243 emam!
639 208 725 243 Lm.
743 209 804 243 111.
825 210 938 244 Tou.
955 210 981 244 Ι.
1004 209 1137 244 mnu.
1154 210 1318 243 Lxxut.
1566 201 1647 242 115

99 300 219 344 vere,
255 289 491 347 sapientiam
523 287 642 331 lilium
674 302 698 331 e
721 288 890 345 sapienti
921 289 996 331 deo
1028 304 1075 332 ιο
1108 297 1242 347 patre,
1285 296 1327 332 et
1353 295 1396 332 ut
1421 301 1499 330 uuo
1525 287 1649 331 verbo

98 357 251 412 disan,
282 357 402 401 filiam
425 358 548 415 patris
570 357 841 413 undecumque
868 357 1059 410 similem,
1104 358 1159 400 uti
1185 358 1303 400 tilium
1333 357 1472 415 patris.
1531 356 1595 399 Ac
1614 355 1651 398 si

91 427 189 485 ‚quie
208 426 486 484 aliqusolm
508 434 564 468 οἱ
585 432 698 482 parte
720 424 887 467 similem
910 439 1001 468 esse
1024 425 1150 477 dieat,
1184 433 1226 468 ιιι
1248 434 1340 469 ante
1360 425 1548 483 seriptum
1569 431 1649 477 est,

98 494 150 540 ab
168 495 341 540 ecelesia
361 494 555 538 catholiea
578 493 749 536 alienum
774 506 867 536 esse
890 507 1059 546 censeo,
1091 508 1141 535 eo
1165 495 1267 550 quod
1292 509 1314 536 e
1334 508 1537 537 sacrarum
1564 493 1653 535 lite-

98 577 234 612 ειη·
267 563 510 622 praescripto
542 562 643 620 patri
676 561 843 604 similem
872 575 963 604 esse
998 562 1117 604 lilium
1150 577 1230 604 non
1261 569 1466 619 agnoscat.
1525 560 1654 604 Lecta

99 638 164 676 est
191 632 290 676 baec
322 631 582 688 subscriptio,
628 638 669 673 et
693 629 851 673 Valenti
876 630 1032 673 tradita.
1093 630 1272 672 Adluere
1293 629 1480 683 Marcus,
1523 629 1654 673 Geor-

96 700 213 759 gi'n,
242 698 453 754 Ursatius,
485 698 712 742 Germanus
731 705 772 742 et
791 697 1063 756 Hypatianus,
1095 699 1293 756 episcopi,
1337 713 1423 742 eum
1448 698 1655 757 presbyte-

99 770 159 814 uis
179 780 234 813 ae
259 767 440 813 &mnia
469 767 660 826 pluribus.

212 836 304 885 Bae
323 851 445 895 porro
466 836 657 894 epistolae
682 850 706 879 a
728 836 843 879 nobis
863 835 927 878 bic
949 842 1129 878 attextae
1152 841 1267 888 sunt,
1301 842 1343 877 ιιι
1364 835 1458 878 illud
1477 836 1653 878 eruditus

99 906 268 966 quisque
287 920 336 949 ae
353 920 476 949 verae
495 906 584 948 fidei
608 905 810 948 studiosus
829 903 1023 961 intelligat
1045 918 1123 947 non
1141 902 1315 946 inaniter
1335 918 1383 946 ae
1404 905 1491 947 sine
1511 918 1654 947 caussa

100 989 176 1020 ια
208 975 253 1019 in
281 975 451 1033 aliquem
494 974 652 1027 invehi,
702 974 773 1016 sed
814 972 1049 1015 certissimis
1091 971 1388 1030 probationibus
1425 972 1496 1015 niti
1534 973 1652 1015 velle.

102 1041 292 1090 Catum
319 1043 423 1087 idem
457 1043 512 1086 illi
538 1056 677 1086 rursus
698 1057 723 1084 a
744 1041 829 1085 suis
850 1042 1144 1095 discesserunt,
1192 1056 1279 1084 cum
1309 1041 1359 1084 ob
1388 1041 1542 1099 privata
1567 1042 1657 1083 odia

102 1112 369 1169 hena-squ
394 1111 615 1154 simultates
642 1118 683 1154 et
701 1111 986 1154 aemulationes
1016 1124 1108 1153 sese
1131 1110 1300 1154 invicem
1324 1109 1463 1167 iurgiis
1487 1110 1659 1152 lacesse·

6 1221 11 1224 .
102 1187 216 1236 unt,
260 1187 304 1223 et
326 1180 375 1223 de
398 1179 616 1237 principatu
647 1180 950 1222 contenderent.
1010 1179 1075 1221 Ac
1098 1186 1178 1221 tum
1203 1177 1542 1222 Semiarianorum
1563 1178 1660 1220 isto-

22 2598 24 2602 ,
12 2397 27 2586 „wunsam-u:-
13 2285 25 2385 ...η-ῃ·-
18 2256 22 2258 ⁴

102 1247 398 1307 mamutius
428 1248 551 1291 robur
578 1248 774 1300 accessit,
821 1248 863 1290 in
891 1247 1031 1304 quibus
1060 1249 1170 1290 suere
1200 1245 1398 1301 Basilius,
1441 1245 1658 1303 Georgius,

104 1315 295 1362 Silvanus
315 1331 363 1360 ae
384 1317 507 1359 ceteri
533 1317 673 1373 quibus
695 1317 828 1358 carnis
849 1316 1048 1359 brachium
1072 1316 1297 1359 adiumento
1317 1323 1427 1369 erat,
1460 1313 1661 1359 Constan-

104 1386 200 1430 ti·-
222 1386 499 1444 imperatorem
523 1385 713 1440 intelligo.
776 1383 997 1428 Obtinuere
1018 1392 1148 1428 tamen
1170 1386 1414 1441 postmodum
1434 1383 1658 1437 Eudoxias,

101 1462 149 1498 et
166 1453 367 1511 (ἶσα-μαι
392 1453 711 1506 Alexandrinus,
743 1461 784 1496 et
807 1452 986 1496 Euzoius
1010 1454 1301 1496 Antiochenus.
1365 1452 1537 1496 Basilius
1562 1466 1660 1495 vero

102 1537 153 1567 ae
173 1521 375 1579 Georgi-⁸
391 1520 646 1565 Laodicenus
680 1536 768 1564 cum
802 1523 885 1564 suis
908 1523 1062 1565 minore
1083 1523 1124 1565 in
1146 1523 1273 1580 pretio
1305 1536 1396 1565 esse
1427 1528 1660 1578 coeperunt,

105 1605 194 1636 e-
226 1590 418 1635 baetenes
446 1591 653 1647 plurimum
681 1591 916 1633 auctoritate
946 1590 1178 1634 valuissent.
1238 1589 1305 1633 Ex
1334 1590 1385 1633 iis
1409 1604 1566 1632 rursum
1596 1589 1662 1631 alii

105 1659 157 1704 ab
177 1659 317 1703 eede-
349 1659 505 1703 haeresi
531 1674 578 1702 ac
601 1659 754 1716 syuodo
780 1659 921 1702 divulsi
943 1666 1057 1712 sunt,
1098 1660 1198 1702 adeo
1224 1666 1268 1702 ut
1288 1659 1531 1701 Arianorum
1554 1664 1663 1700 secta

4 1727 8 1732 ’
87 1728 182 1788 tm
215 1728 259 1772 ἰ·
291 1728 503 1771 factionum
538 1728 705 1771 divortia
745 1727 989 1770 discesserit.
1061 1726 1168 1770 Nam
1200 1727 1375 1770 Aeacius
1412 1725 1662 1769 Palaestinas

107 1792 336 1851 “aereae
353 1796 585 1854 episeopus,
629 1811 717 1839 cum
740 1795 934 1849 Meletio,
976 1803 1017 1838 et
1037 1795 1188 1839 Uranio
1211 1796 1365 1854 Tyrio,
1407 1803 1449 1838 et
1467 1794 1664 1852 Eutychio

107 1863 503 1923 mathei-apotamo
530 1881 600 1923 pro
623 1879 672 1908 eo
694 1880 772 1922 quo
793 1866 834 1908 in
856 1862 1051 1923 Cyn-illum
1073 1863 1482 1923 Hierosolymitanum
1512 1864 1602 1906 odio
1625 1870 1667 1905 et

107 1933 493 1990 bainna-abst,
524 1932 700 1986 Basilio,
733 1949 780 1976 ae
801 1933 981 1991 Georgio
1002 1932 1258 1985 Laodicena,
1292 1931 1457 1975 Silvano
1486 1931 1666 1975 Tarsen-

108 2001 171 2056 ἑ,
213 2001 380 2046 Ele-nio
405 2000 636 2060 Cyziceno,
676 2001 916 2046 Macedonio
943 2001 1409 2060 Constantinopolitano,
1454 1999 1665 2043 Eustatbio

109 2069 362 2125 Sebastenam
405 2078 446 2114 et
468 2071 626 2114 Aniauo
651 2071 904 2114 Antiocheno
927 2072 1102 2129 seipsum
1131 2071 1337 2128 opposuit,
1379 2071 1443 2128 qui
1469 2077 1549 2112 tum
1571 2083 1666 2111 con-

110 2140 236 2184 stit-ti
257 2154 348 2183 eum
376 2147 534 2193 essent,
578 2154 670 2183 suas
691 2140 730 2183 in
750 2154 821 2183 eos
844 2141 953 2184 vires
974 2140 1134 2196 collegit
1154 2140 1329 2183 Aeacius
1342 2171 1355 2193 ,
1396 2153 1442 2181 ac
1465 2138 1667 2181 turbarum

112 2208 321 2267 pler‘unnn
351 2208 540 2251 concivit.
601 2206 662 2251 lta
694 2210 838 2252 l'actum
870 2216 933 2252 est
953 2216 996 2251 ut
1016 2223 1103 2251 eum
1130 2209 1169 2251 in
1198 2209 1334 2251 eadem
1359 2208 1506 2264 alioqui
1529 2219 1667 2249 omnes

112 2277 298 2336 opinis-e
330 2278 484 2330 forent,
526 2291 606 2319 non
636 2277 775 2320 eodem
809 2285 939 2320 tamen
972 2278 1088 2320 modo
1117 2277 1262 2334 singuli
1286 2275 1546 2334 professionis
1571 2287 1668 2317 suae

103 2346 320 2391 ben-tm
352 2345 630 2402 conciperent,
672 2352 711 2388 et
736 2359 759 2388 a
784 2359 830 2388 se
856 2346 1025 2389 invicem
1057 2345 1310 2388 dissiderent.
1373 2343 1440 2387 Ex
1469 2358 1547 2400 qua
1568 2343 1668 2385 divi-

113 2415 228 2459 sione
257 2414 299 2458 in
331 2420 414 2457 tres
451 2414 561 2467 illas,
605 2427 704 2471 quas
738 2414 854 2457 modo
887 2414 1084 2466 diximus,
1129 2413 1321 2456 factiones
1349 2412 1527 2454 distracti
1560 2418 1667 2453 sunt.

115 2481 272 2527 Etenim
296 2482 471 2527 Aeacius
503 2497 591 2525 cum
624 2482 708 2525 suis
741 2496 868 2538 neque
895 2482 1269 2526 consubstantialem
1295 2481 1491 2525 fatebatur
1513 2493 1604 2522 esse
1627 2478 1672 2521 ti-

113 2550 234 2606 lium,
265 2564 394 2609 neque
418 2559 642 2595 ereaturam
665 2565 719 2593 ex
743 2558 963 2594 ceterarum
987 2551 1125 2594 ordine
1148 2565 1195 2593 ac
1215 2564 1395 2592 numero.
1456 2546 1511 2590 Et
1536 2561 1672 2605 quam-

0 2678 1 2685 *
20 2665 23 2668 ,
113 2619 179 2663 vis
199 2620 336 2663 eadem
357 2634 445 2663 eum
467 2620 555 2663 aliis
577 2620 796 2672 sentirent,
829 2633 940 2662 suam
961 2626 1090 2663 tamen
1113 2619 1335 2676 opinionem
1355 2616 1669 2669 dissimulabant,

113 2701 163 2732 ae
193 2689 360 2746 tempori
389 2690 614 2733 servientes
644 2694 849 2731 creaturae
884 2701 1027 2731 nomen
1059 2687 1218 2731 silentio
1248 2684 1541 2744 praeteribant,
1583 2698 1671 2727 cum

115 2755 273 2800 ‘uteri-
295 2757 391 2802 nibil
411 2758 460 2801 ab
482 2757 645 2801 Arianis
673 2757 926 2800 dissiderent.
989 2754 1138 2799 Verum
1162 2770 1232 2813 per
1256 2755 1348 2797 illud
1382 2761 1536 2812 tempus
1570 2753 1673 2811 quod

117 2889 183 2927 τι,
220 2880 482 2919 mirer&
521 2880 633 2919 αὐτῶν
669 2879 1343 2936 wmtssoacpoumnmnvinetoeoe.

117 2929 498 3009 momen?
530 2931 641 3010 ῗοῗο
660 2929 818 3007 {adfingo
821 2930 879 3005 sim
962 2925 998 3006 ἒ.
1017 2925 1099 3006 (οἱα
1075 2923 1528 3006 οειῗἯοὶοα-ωῗσιιιλέωὲιιοκ.
1550 2975 1643 3013 repet.

117 3018 216 3054 n&
237 3025 356 3055 contr·
377 3019 505 3066 ipsum,
529 3019 620 3053 idem
646 3018 783 3053 Aeacius
806 3030 841 3051 se
823 3017 874 3051 ei-

1339 3073 1407 3119 8.

1683 890 1815 924 xxm.
