2020 3276
350 210 534 246 Pmann
556 210 642 245 Ltn.
658 211 716 244 111.
740 210 851 244 Tou.
867 212 909 245 ΙΙ.
931 211 1085 245 BXPOS.
1109 210 1194 244 Fu).
1220 210 1412 245 cA‘rfloL.
1569 202 1651 244 513

107 290 270 336 ramice
289 297 448 349 praeter
466 290 670 333 veritatem
691 290 909 333 insolenter
928 291 1161 334 efferuntur.
1194 290 1399 333 Eiusmodi
1421 288 1654 332 Zacchaeus

105 357 174 403 fle
205 357 301 412 fuit,
345 359 411 416 qni
444 372 569 416 nuper
598 360 639 401 in
672 366 858 401 montana
885 360 1048 415 regione
1080 361 1128 402 ad
1163 359 1441 416 Hierosolyma
1476 365 1653 401 mortuus

106 433 193 481 ut,
222 427 290 485 qui
311 441 400 470 eum
425 427 580 470 nemine
601 441 770 484 unquam
793 427 977 485 precandi
1001 429 1275 471 communione
1296 427 1480 484 coniungi
1502 441 1547 470 se
1565 441 1654 484 pas-

106 508 179 540 ..
203 501 282 539 est.
341 492 428 538 lmo
452 509 549 538 vero
574 510 627 538 cx
650 496 789 538 eodem
811 496 990 538 instituto
1014 497 1354 559 divina-mysteria
1369 529 1380 549 ‚
1422 511 1507 539 cum
1530 495 1654 538 laicus

102 569 241 620 δυσί,
280 564 478 621 attingere
505 578 552 607 ac
584 564 776 608 sacrificia
807 564 1010 607 celebrare
1045 565 1196 607 nefario
1230 580 1328 608 ausu
1359 580 1407 607 ac
1441 565 1654 607 temerario

104 631 172 676 αἱ
194 640 424 690 agnatus.
484 630 675 676 Inventus
708 640 770 676 est
799 640 839 675 et
863 633 990 686 alius,
1033 633 1266 690 quicumque
1287 634 1354 676 ille
1381 634 1535 676 tandem
1563 633 1651 685 fnit,

104 701 320 749 ueotteuti
338 703 504 759 quodam
526 701 631 745 vitae
658 715 831 759 genere,
873 702 939 758 qui
965 702 1006 744 in
1029 703 1201 759 Aegypti
1226 702 1436 745 solitudine
1458 702 1498 743 in
1519 715 1655 743 mona-

106 769 232 815 nerto
252 770 437 828 degebat.
497 769 597 813 Item
623 770 724 814 alius
748 771 795 813 ad
821 768 958 813 Sinam
981 778 1155 813 montem
1177 771 1370 813 habitans.
1433 769 1512 826 Qui
1541 770 1655 813 ambo

106 838 244 883 neseio
278 839 420 896 quibus
450 839 615 883 somniis
646 853 696 882 eo
728 839 964 882 temeritatis
994 839 1148 882 adducti
1184 847 1278 882 sunt
1315 847 1357 882 ut
1390 846 1574 896 suscepta
1608 839 1655 880 ad

105 906 541 967 episcopi-functionem
575 921 758 950 mannum
780 907 1030 965 impositione
1053 909 1193 951 sedere
1216 916 1256 951 et
1277 911 1549 966 episcoporum
1572 922 1656 949 mu·

106 989 185 1020 m
201 975 315 1020 obire
337 991 416 1019 non
442 976 669 1020 dubitarint.
731 975 837 1029 Alii,
881 976 979 1019 ethi
1006 978 1160 1033 quidem
1194 992 1271 1020 non
1296 977 1437 1033 pauci,
1479 984 1656 1019 castrare

106 1045 342 1103 ”metipsos
361 1052 497 1087 contra
519 1046 629 1100 leges
648 1045 811 1087 iuvenili
831 1045 994 1101 quadam
1017 1045 1166 1088 ferocia
1184 1046 1271 1088 ansi
1292 1053 1398 1088 sunt.
1461 1045 1558 1097 Alii,
1591 1045 1655 1101 qui

107 1113 342 1158 audaciores
363 1113 569 1166 videntur,
602 1127 656 1156 ex
675 1113 952 1156 catholicorum
975 1114 1174 1171 partibus,
1218 1115 1370 1172 privata
1391 1113 1464 1156 sibi
1489 1114 1657 1155 factione

106 1182 275 1226 conflata
300 1190 460 1240 praeter
482 1182 677 1225 ecclesiae
707 1183 1054 1236 consuetudinem,
1098 1197 1145 1225 ac
1177 1184 1276 1226 citra
1304 1183 1503 1239 generalis
1525 1182 1658 1224 conci-

106 1250 150 1295 lii
179 1251 407 1304 decretum,
452 1265 524 1294 eos
552 1251 617 1308 qui
649 1251 698 1294 ab
724 1250 887 1294 Arianis
915 1252 964 1294 ad
990 1266 1082 1294 suas
1116 1258 1249 1308 partes
1280 1259 1488 1295 transeunt
1515 1251 1656 1293 iterum

105 1307 429 1377 baptizare‘uihil
450 1327 663 1373 verentur,
695 1334 782 1362 cnm
807 1320 977 1362 noudum
1000 1334 1048 1363 ea
1068 1334 1157 1374 res,
1201 1328 1244 1363 ut
1268 1320 1376 1373 dixi,
1422 1320 1658 1363 universalis

106 1387 250 1446 synodi
270 1387 416 1431 indicio
444 1388 575 1431 decisa
601 1390 674 1442 sit,
719 1389 820 1445 quod
846 1389 971 1431 adhuc
1005 1389 1135 1447 populi
1170 1389 1392 1446 promiscue
1427 1390 1474 1431 ad
1501 1388 1658 1430 hodier-

107 1469 201 1500 ιιι·
223 1470 348 1514 nsque
378 1463 531 1513 tempus
557 1457 799 1509 habeantur3
840 1458 944 1499 inter
977 1472 1075 1514 qnos
1101 1458 1209 1500 multi
1232 1458 1385 1514 quidem
1409 1464 1501 1500 sunt
1523 1457 1658 1499 catho-

107 1523 198 1579 tici,
229 1525 301 1568 scd
322 1525 412 1568 licte
431 1540 477 1568 ac
498 1539 570 1582 per
590 1525 896 1568 simultationem
917 1528 1166 1569 sacerdotnm
1190 1526 1463 1569 auctoritatem
1486 1540 1658 1582 sequnn-

108 1600 204 1646 tur,
242 1594 369 1637 donee
401 1594 626 1636 execranda
650 1594 715 1636 illa
739 1602 849 1637 secta
874 1594 924 1636 ab
952 1595 1146 1637 ecclesiae
1171 1595 1374 1638 consortio
1405 1602 1656 1651 segregetur,

107 1668 154 1705 nt
177 1668 271 1705 tnnc
292 1662 436 1719 aliquid
462 1662 509 1705 de
530 1662 596 1705 illa
629 1669 838 1705 statuatur.
902 1662 967 1705 Ex
998 1664 1046 1706 iis
1070 1664 1134 1720 qui
1159 1671 1296 1720 suapte
1320 1665 1554 1706 auctoritate
1585 1664 1659 1705 ite-

108 1743 195 1774 nn
216 1721 297 1774 boe·
315 1731 431 1774 modo
457 1731 660 1789 baptizant
683 1732 799 1774 audio
825 1733 1016 1788 quendam
1038 1732 1077 1774 in
1101 1731 1227 1789 Lycia
1249 1726 1522 1790 pr'esbyterum
1549 1747 1655 1775 esse.

108 1795 193 1844 8οᾶ
214 1807 255 1844 et
276 1799 365 1843 aliia
385 1799 426 1842 iu
447 1800 544 1842 locis
567 1800 815 1858 reperiuntur
837 1800 901 1842 alii
925 1802 989 1857 qui
1009 1800 1236 1856 singillatim
1260 1816 1306 1844 ac
1326 1803 1498 1859 separati
1521 1815 1659 1859 preces

109 1866 277 1922 obeunt,
319 1875 359 1911 ot
388 1868 626 1925 reliquorum
658 1869 971 1912 communionem
1004 1884 1159 1912 omnem
1186 1878 1389 1927 respuunt.
1454 1870 1534 1913 Alii
1558 1871 1660 1913 collo

110 1935 268 1980 vincula
298 1945 459 1994 praeter
484 1937 677 1980 ecclesiae
708 1938 818 1994 leges
847 1938 1068 1981 innectunt.
1131 1937 1259 1994 Quam
1296 1940 1345 1981 ob
1370 1954 1550 1982 caussam
1580 1941 1660 1982 dis·

111 2002 352 2062 putatione-t
372 2018 526 2047 omnem
553 2005 625 2048 hac
648 2007 845 2049 sententia
868 2007 1066 2059 conclusi,
1110 2010 1429 2049 Adolescentulas
1451 2024 1533 2050 esse
1554 2011 1660 2050 nullo

109 2086 266 2115 nanum
285 2075 591 2128 oonpnhmm
637 2089 737 2131 qnae
765 2076 917 2132 privato
940 2075 1108 2119 consilio
1143 2077 1331 2119 audacter
1364 2077 1658 2133 insolenterque

111 2154 158 2185 se
180 2148 347 2198 gerunt,
378 2155 456 2184 non
482 2149 526 2184 ut
546 2142 637 2185 boni
658 2142 802 2199 aliquid
825 2152 1143 2201 cousequantur,
1176 2152 1243 2187 aut
1265 2146 1482 2203 sapientiae
1506 2147 1545 2188 in
1569 2159 1660 2189 sese

111 2223 239 2267 genus
269 2209 426 2267 aliquod
457 2209 683 2267 expoliant,
725 2218 816 2269 puta
839 2213 1092 2270 prudentiae,
1136 2214 1396 2266 fortitudinis,
1439 2222 1661 2271 temperan-

111 2278 219 2332 tiae,
262 2277 453 2321 iustitiae.
515 2277 607 2335 Quo
639 2292 692 2321 ex
717 2294 881 2323 numero
909 2282 1116 2339 tyrannico
1142 2296 1252 2325 more
1275 2283 1464 2339 quaedam
1487 2283 1660 2324 efferun—

113 2353 203 2400 tur,
235 2347 353 2404 athe
379 2361 402 2389 a
420 2346 590 2389 veritate
616 2347 851 2402 deflectunt,
883 2350 990 2392 nullo
1009 2357 1051 2392 ut
1072 2364 1236 2393 numero
1266 2351 1460 2393 contineri
1493 2351 1658 2407 possint.

226 2414 284 2458 At
304 2417 516 2469 singulm-13
549 2418 618 2457 illa
647 2417 840 2467 cannuba,
883 2425 1094 2475 sanctaque
1130 2419 1244 2475 virgo
1277 2420 1391 2461 deum
1433 2420 1658 2471 confitetur,
1679 2430 1867 2475 Cap.XIV.

113 2490 263 2542 patum
282 2492 324 2527 et
343 2484 462 2527 lilium
485 2492 526 2527 et
549 2485 728 2541 spiritum
749 2491 952 2539 sanctum,
986 2493 1136 2544 patrem
1160 2488 1399 2544 perlectum,
1434 2488 1551 2529 filium
1574 2501 1662 2544 per-

114 2551 284 2605 feetum,
331 2554 546 2610 perlectum
574 2553 752 2610 spiritum
781 2560 983 2606 sanetum,
1027 2555 1402 2598 consubstantialem
1428 2557 1659 2610 trinitatem,

115 2633 194 2664 non
215 2621 528 2675 coalescentem,
561 2629 629 2665 aut
647 2622 866 2665 confusam.
928 2621 1008 2666 Sed
1034 2623 1152 2667 lilium
1176 2637 1272 2667 vere
1295 2638 1317 2667 a
1338 2631 1446 2681 patre
1468 2626 1659 2682 genitum,

163 2733 216 2771 ss.
252 2738 427 2771 curamus
458 2738 549 2770 uertit
587 2737 804 2790 Quapropter
835 2735 869 2769 in
916 2736 1092 2779 excedunt,
1117 2743 1152 2771 et
1168 2750 1187 2772 a
1205 2738 1348 2772 veritate
1367 2738 1492 2784 aeipaaa
1509 2746 1663 2774 evertunt

115 2778 183 2815 fine
203 2780 307 2815 tofin-
393 2781 437 2815 ria
456 2781 646 2815 iuvenculas
666 2780 734 2814 din
756 2792 868 2814 nume·
914 2787 983 2816 cett.

116 2836 190 2860 run
210 2837 278 2861 non
301 2826 343 2860 ha
387 2838 443 2864 re.
467 2838 550 2872 quae
571 2839 612 2860 ex
634 2826 770 2872 propria
790 2838 866 2860 aen·
959 2827 1039 2861 Car.
1066 2829 1158 2861 xtv.
1184 2847 1228 2855 -—
1289 2829 1316 2862 l.
1356 2828 1539 2874 συναλιφῆν
1570 2832 1661 2865 codd.

116 2871 222 2905 tentia
245 2871 308 2906 nihi
327 2872 407 2917 ipaia
431 2871 619 2906 iuveniliter
647 2872 868 2917 praestituunt
912 2883 985 2907 mss.
1007 2877 1034 2907 at
1062 2875 1134 2907 edit.
1155 2876 1278 2916 princ„
1306 2877 1570 2917 quemadmodum
1589 2887 1663 2911 ecn-

117 2915 161 2951 ιὰ
185 2916 309 2951 bonnm
333 2917 486 2963 quidem,
522 2925 558 2951 ut
580 2917 763 2963 sapientiae
787 2929 865 2996 ἱρο-
911 2922 1028 2952 uenter
1060 2923 1087 2952 rt
1108 2921 1241 2961 ubique,
1273 2922 1335 2953 nisi
1358 2931 1456 2954 unum
1478 2925 1506 2955 et
1525 2923 1659 2956 numm

808 2975 866 2997 or-

118 2960 184 3016 qiea
203 2961 400 3016 perficiant,
437 2963 700 3017 prudentiaeque
721 2976 765 3016 ρο
910 2967 1066 3018 exceperis
1083 2966 1194 2998 locum.
1240 2964 1439 3018 ᾳυναλοιφῆν
1461 2969 1534 3001 edit,
1550 2969 1658 3002 Petuv.

116 3006 281 3051 titudinis,
305 3014 340 3041 et
361 3008 545 3043 modestiae
565 3021 605 3043 ac
625 3016 781 3048 iustitiae,
805 3020 865 3041 ve-
957 3011 989 3043 2.
1012 3008 1173 3052 αληῧινὸς
1194 3012 1267 3043 edu.
1292 3013 1420 3053 Petou,
1443 3017 1471 3046 et
1493 3015 1539 3046 tta
1562 3014 1655 3047 hebe-

119 3063 191 3087 rnn
219 3052 409 3087 iuveniliter
435 3062 570 3098 agente·
592 3054 633 3088 ad
656 3054 867 3099 tyrannidem
911 3056 964 3088 tat
987 3056 1054 3089 cod.
1079 3057 1142 3089 len.
1166 3066 1188 3089 a
1209 3066 1253 3089 m.
1274 3066 1349 3099 pr..
1369 3059 1487 3093 vitiose.

191 3106 311 3146 Corpus
327 3107 509 3139 namot.
525 3108 564 3139 u.
581 3109 608 3138 8.
1124 3109 1128 3113 “
1337 3116 1390 3158 33
