2020 3276
677 231 884 267 susciten
891 232 1113 266 Αωῑοειε.
1589 217 1671 260 585

125 322 238 360 unt
254 314 339 358 alii.
400 312 589 358 Ceterum
609 312 714 355 nulla
734 313 883 368 peceati
906 312 1142 367 contagione
1164 310 1341 352 foedatus
1360 315 1446 360 est,
1477 320 1673 363 nunquam

126 384 300 429 elffii-⁸
317 382 522 427 mentitum
543 388 630 424 ests
660 396 780 436 neque
801 382 902 422 labia
925 383 1050 421 dolum
1072 382 1198 420 locum
1218 387 1322 428 sunt,
1356 392 1427 420 eor
1445 377 1492 419 ad
1515 375 1675 418 irritan-

125 453 218 497 δ-
238 452 356 495 deum
381 466 459 494 uon
480 450 711 503 declinavit,
754 462 866 491 mens
899 449 946 490 ad
971 462 1018 489 ea
1040 461 1140 504 quac
1171 448 1283 489 nefas
1306 454 1367 489 est
1392 461 1470 488 non
1495 444 1673 495 deflexit,

125 530 223 564 σιω
245 519 342 564 nihil
359 533 497 563 eorum
522 532 623 576 quae
650 518 698 561 ad
722 518 854 560 caruis
876 517 1113 572 voluptatem
1138 516 1335 572 pertinent
1358 514 1536 566 admisit,
1581 513 1676 555 deus

126 589 178 633 ab
197 595 364 632 aeterno
390 589 611 646 perfectus,
651 587 716 644 qui
746 601 824 628 uon
861 593 905 628 ut
933 585 973 627 iu
997 585 1153 626 homine
1176 583 1370 626 habitaret
1389 583 1574 636 advenit,
1605 582 1675 624 sed

126 657 292 701 verbnm
314 657 442 714 ipsum
465 655 660 698 hominem
681 655 828 707 induit,
862 668 940 696 nou
966 660 1106 695 natura
1133 660 1339 704 mutatum,
1371 653 1440 694 sed
1466 666 1551 693 eam
1578 664 1677 707 quae

128 726 298 770 tio-im·
318 725 478 783 propria
499 732 561 767 est
582 739 670 766 eum
695 723 899 766 divinitate
920 722 1185 778 complexum.
1247 720 1292 763 Iu
1315 721 1479 777 virginis
1500 727 1614 762 utero
1634 733 1678 761 re

125 802 225 838 vera
245 794 427 852 genitus,
468 807 515 835 ac
540 807 614 850 per
641 792 835 849 genitales
868 798 1020 833 meatus
1049 790 1088 832 in
1126 791 1251 832 lucem
1283 789 1435 841 editus,
1480 789 1567 831 siue
1600 788 1680 830 ulla

128 862 392 921 turpitudine,
434 862 621 904 foeditate
650 861 715 903 vel
743 861 850 903 labe.
911 858 1011 902 Post
1041 859 1136 900 baec
1161 859 1373 911 educatus,
1415 865 1530 914 atque
1553 871 1575 899 a
1600 854 1678 914 Sy-

127 945 272 975 meune
291 938 333 974 et
353 930 472 973 Anna
497 930 537 972 iu
560 929 662 972 ulnis
687 936 890 986 gestatus,
922 942 945 970 a
966 926 1096 970 Maria
1122 933 1322 983 portatus,
1353 927 1429 968 iter
1452 933 1588 983 postea
1611 940 1679 983 pe-

127 1000 246 1044 dibus
261 999 459 1051 confecit,
490 997 765 1056 peregrinatus
786 1005 869 1049 cst,
900 998 946 1039 ad
973 996 1179 1054 pueritiam
1204 995 1409 1052 pervenit,
1441 1002 1570 1037 aetate
1593 1009 1681 1036 eor-

128 1067 291 1112 boratus
316 1075 401 1120 est,
446 1068 613 1109 humana
641 1067 684 1109 iu
708 1080 753 1109 se
775 1066 905 1109 omnia
936 1067 1111 1123 perfecte
1142 1065 1299 1117 habuit,
1342 1078 1533 1106 annorum
1571 1077 1680 1105 men-

127 1137 308 1194 sim-que
341 1150 508 1179 numero
540 1149 684 1178 census
707 1142 795 1187 est,
837 1135 876 1176 in
904 1133 1156 1192 praegnantis
1179 1140 1294 1175 utero
1314 1140 1514 1190 gestatus,
1543 1135 1679 1188 sactus

127 1208 347 1255 caulam,
389 1206 520 1259 foetus
537 1205 609 1245 sub
632 1206 739 1258 lege‚·
779 1204 919 1245 deinde
949 1204 997 1245 ad
1023 1201 1231 1245 Iordanem
1263 1203 1463 1259 profectus
1489 1209 1575 1254 est,
1606 1202 1680 1243 ihi-

128 1275 295 1331 denqte
320 1287 343 1317 a
366 1273 516 1316 Ioanne
545 1273 788 1330 baptizatus,
831 1286 918 1314 eum
951 1271 1100 1314 lotione
1136 1271 1231 1314 nihil
1257 1285 1355 1328 opus
1380 1271 1565 1322 haberet,
1609 1271 1679 1313 sed

129 1349 175 1386 ιιι
200 1356 251 1386 ea
281 1355 383 1399 quae
414 1349 623 1397 susceptae
653 1341 823 1383 hominis
859 1347 1024 1383 naturae
1056 1347 1324 1383 consentanea
1357 1347 1450 1382 sunt
1481 1346 1678 1391 servaret,

126 1409 302 1454 iustitiae
319 1411 445 1466 legem
469 1411 700 1468 perturbare
725 1410 873 1462 uoluit,
905 1417 950 1450 ut
969 1412 1210 1463 impleretur,
1244 1409 1568 1465 quemadmodum
1595 1407 1679 1464 ipse

129 1480 249 1533 dicit,
291 1483 412 1521 onn's
435 1482 606 1528 iustitia,
649 1486 766 1534 atque
800 1491 935 1520 veram
963 1492 986 1520 a
1010 1492 1054 1520 se
1082 1491 1241 1519 earnem
1271 1491 1484 1533 veramque
1514 1476 1681 1518 hominis

129 1555 311 1592 nat-ran
332 1554 552 1605 susceptam
577 1561 667 1589 esse
692 1554 947 1589 monstraret.
1008 1545 1134 1602 igitur
1156 1547 1202 1588 ad
1229 1560 1351 1602 aquas
1371 1546 1597 1596 descendit,
1626 1545 1682 1588 ita

129 1623 262 1661 lamen
284 1623 329 1659 ut
355 1617 555 1659 conferret
575 1615 718 1672 aliquid
744 1616 897 1671 potius,
931 1630 1045 1671 quam
1075 1616 1288 1672 acciperet,
1323 1615 1533 1671 largiretur
1555 1614 1682 1671 magis

129 1676 245 1750 ’uam
276 1685 335 1727 rei
366 1685 582 1742 cuiuspiam
607 1684 817 1741 indigeret.
879 1682 1034 1741 Quippe
1057 1684 1214 1726 easdem
1246 1683 1334 1726 illas
1356 1698 1477 1739 aquas
1501 1697 1570 1726 sua
1594 1684 1681 1726 luce

130 1752 401 1805 oolluatravit,
432 1761 472 1796 et
497 1754 545 1795 ad
567 1767 704 1795 eorum
728 1766 829 1809 quae
850 1754 889 1794 in
914 1766 1005 1794 sese
1028 1753 1262 1809 perficienda
1285 1759 1414 1804 crant,
1447 1753 1682 1795 adumbran-

131 1821 221 1864 de·
237 1819 450 1878 imaginem
465 1853 477 1875 ,
509 1823 703 1879 quandam
728 1822 806 1863 vim
828 1821 904 1863 illis
928 1822 1137 1878 impertiit,
1171 1828 1214 1863 ut
1236 1821 1300 1876 qni
1324 1820 1397 1877 ipsi
1424 1834 1564 1863 revera
1593 1835 1681 1863 cre-

131 1889 294 1942 emat,
326 1902 374 1932 ac
394 1890 573 1933 veritatis
594 1897 731 1933 essent
753 1891 827 1932 fide
849 1890 1040 1947 praediti,
1072 1890 1339 1946 intelligerent
1361 1904 1439 1932 non
1463 1890 1569 1932 illum
1593 1891 1682 1932 ficte

133 1956 338 2000 buum
352 1957 529 2002 induisse
549 1966 744 2011 naturam,
777 1973 903 2015 neque
924 1959 1012 2000 ficte
1032 1972 1122 2000 esse
1141 1959 1252 2015 aquis
1272 1959 1494 2010 intinctum,
1527 1959 1682 2001 eadem-

132 2036 210 2082 que
229 2030 273 2067 et
302 2025 378 2083 ipsi
399 2027 552 2070 ratione
584 2041 654 2085 per
673 2042 760 2070 eam
782 2042 896 2083 quam
921 2027 983 2069 ille
1007 2041 1099 2084 prae
1131 2041 1221 2070 sese
1246 2027 1388 2069 tulerat
1414 2029 1682 2069 accommoda-

132 2094 280 2137 tionem
305 2095 540 2138 aecedeutes
574 2096 734 2138 inditam
768 2095 871 2139 illius
903 2097 1164 2138 descensione
1203 2096 1283 2138 vim
1316 2096 1355 2137 in
1390 2109 1479 2138 sese
1514 2098 1684 2138 transfe-

133 2169 240 2214 rant,
271 2161 524 2219 eiusdemque
542 2163 628 2206 luce
645 2164 944 2220 perfundantur,
977 2179 1055 2220 quo
1075 2165 1342 2221 propheticum
1365 2165 1574 2222 impleatur
1593 2179 1683 2207 ora-

133 2230 286 2284 catum,
341 2233 412 2272 Ad
443 2234 707 2273 matonam
741 2236 915 2275 vti-tutem
949 2236 1297 2288 eonciliandumqne
1340 2236 1499 2275 salutem
1532 2249 1582 2274 ea.-
1615 2236 1684 2274 itta

130 2301 246 2355 μπὺ
267 2302 407 2341 mute
423 2314 520 2354 quae
536 2301 586 2341 ab
603 2303 837 2342 Hierusalem
856 2305 1058 2356 accipitur,
1089 2317 1348 2357 aquarumque
1368 2306 1417 2343 vi.
1485 2301 1558 2343 Hic
1578 2302 1683 2343 enim

132 2370 174 2413 in
198 2367 363 2413 Christo
388 2368 499 2425 panis
522 2368 649 2411 virtus
673 2382 719 2411 ac
741 2369 804 2411 vis
823 2382 946 2426 aquae
967 2370 1272 2422 corroboratur,
1305 2378 1347 2412 ut
1368 2384 1446 2412 non
1471 2370 1580 2425 panis
1602 2369 1685 2426 ipsc

133 2438 187 2482 sit
206 2437 322 2481 nobis
345 2437 488 2489 virtus,
519 2438 588 2479 sed
613 2437 739 2479 virtus
761 2451 783 2479 a
807 2451 907 2494 pane
931 2439 1131 2493 profectu
1164 2452 1210 2481 ac
1236 2439 1346 2481 cibus
1371 2439 1524 2494 quidem
1549 2446 1686 2480 noster

134 2505 247 2564 panis
269 2513 353 2558 est,
395 2506 464 2548 sed
490 2505 528 2547 in
552 2506 637 2562 ipso
658 2506 790 2548 vitalis
817 2506 1006 2562 quaedam
1030 2507 1158 2549 virtus
1178 2507 1416 2550 continetur.
1477 2505 1620 2563 Neque
1645 2507 1683 2549 id

133 2574 259 2619 solun
283 2581 412 2617 actum
434 2581 559 2616 estut
581 2588 653 2615 nos
673 2588 773 2630 aqua
796 2582 1052 2631 repurgaret,
1084 2576 1152 2617 sed
1180 2582 1222 2618 ut
1242 2590 1367 2632 aquae
1396 2576 1433 2617 vi
1459 2589 1528 2632 per
1553 2575 1682 2628 fidem,

132 2643 327 2687 sotionem
355 2649 395 2685 et
415 2656 523 2700 spem
550 2657 597 2685 ac
628 2642 904 2699 mysteriorum
930 2643 1187 2686 initiationem
1220 2651 1261 2686 et
1283 2644 1595 2687 consecrationis
1618 2658 1685 2700 ap-

135 2711 384 2769 pellationem
410 2713 456 2754 ad
479 2712 692 2769 perfectam
717 2710 1011 2768 absolutamque
1037 2711 1202 2755 salutem
1230 2713 1343 2754 nobis
1369 2711 1465 2769 ipsis
1487 2713 1681 2755 conferat.

134 2777 245 2836 Ergo
277 2776 460 2823 Christus
493 2779 668 2822 ascendit
702 2793 725 2821 c
749 2778 935 2831 iordane,
985 2794 1120 2822 vocem
1156 2781 1276 2836 patris
1308 2780 1452 2831 audiit,
1496 2795 1611 2837 quam
1643 2789 1683 2824 et

134 2847 312 2906 discipuli
347 2849 411 2905 qui
445 2849 609 2890 aderant
641 2847 869 2900 audierunt,
913 2854 954 2890 ut
986 2848 1072 2904 quis
1098 2849 1162 2890 ille
1194 2850 1294 2891 foret
1328 2849 1389 2891 cui
1418 2850 1682 2893 testimoninm

135 2939 239 2984 ῥητοῦ
262 2941 375 2982 lenitur
395 2942 429 2973 in
454 2941 596 2974 Penuria
615 2950 691 2982 pay.
711 2937 804 2973 1098.
929 2942 962 2973 tn
980 2941 1052 2973 edu.
1068 2941 1174 2974 petav.
1197 2939 1231 2975 ἐν
1250 2940 1390 2987 Χριστῷ
1414 2940 1683 2987 ἰσχυρσποισυμέ-

178 2983 235 3019 43,
260 2984 510 3031 λαμβανομένου
544 2986 635 3019 codd.
663 2995 736 3018 mss.
759 2989 787 3018 et
811 2986 882 3018 edit.
929 2997 1003 3020 νων.

228 3057 235 3063 .
976 3032 1031 3066 45.
1057 3027 1119 3067 mxx
1138 3033 1210 3066 edu.
1228 3034 1351 3076 petav„
1372 3034 1479 3068 mun
1501 3035 1588 3068 aare
1609 3037 1680 3069 υσα.

180 3074 236 3111 44.
259 3077 310 3111 ua
340 3077 434 3111 codd.
454 3087 529 3111 nisa.
562 3082 590 3112 ct
610 3078 683 3111 edit.
704 3078 805 3120 princ.
851 3078 890 3111 At

1718 378 1744 407 1.
1762 376 1844 406 Petr.

1737 412 1766 447 8,
1783 412 1827 440 22.

1703 1137 1773 1167 Gal.
1792 1138 1821 1173 4,
1838 1137 1866 1166 4.

1713 2790 1825 2822 unuh.
1844 2792 1871 2821 8,
