2020 3276
418 225 600 260 rammi
622 225 707 259 ma.
726 226 786 258 m.
811 225 920 259 ΤοΜ.
940 226 964 258 ι.
987 225 1122 258 man.
1139 225 1297 259 Lxxvi.
1546 215 1628 258 285

87 303 296 349 afflue
329 311 371 348 ct
392 304 612 347 substantia
645 305 759 348 nobis
794 304 989 357 obtrudit3
1032 319 1118 346 eum
1152 305 1245 346 illud
1276 305 1316 346 in
1344 305 1529 347 confesso
1560 304 1628 357 sit,

86 368 244 417 d-'tu
263 385 331 416 res
357 387 495 416 omnes
523 387 613 416 esse
637 387 681 416 re
708 388 828 426 vera,
872 387 999 429 neque
1023 380 1150 429 tamen
1172 373 1221 414 ob
1246 374 1362 415 ullum
1387 373 1630 415 commodum

85 440 453 486 sui-mnemon
476 442 627 498 gloriae
648 455 670 483 a
693 442 790 494 deo,
832 442 896 498 qui
921 442 1023 484 nulla
1053 455 1096 483 re
1122 456 1219 497 opus
1245 442 1382 493 babet,
1426 442 1630 496 excogita-

83 515 147 554 Β
165 508 312 564 ’.ὅσιος
350 524 430 553 non
450 524 567 553 secus
590 518 708 566 atquc
730 511 768 552 iu
793 511 911 553 unico
937 511 999 552 dei
1026 510 1127 561 lilio,
1169 510 1331 566 eiusque
1352 517 1488 552 sancto
1515 509 1631 567 spiri-

82 585 151 632 -v'
167 578 287 621 telas
306 586 369 621 cst
384 593 472 621 cum
493 586 713 621 creatarum
734 593 864 621 rerum
887 579 1112 621 conditione
1131 579 1219 620 illos
1243 580 1479 634 adaequare.
1543 578 1629 621 Diei

83 646 191 690 ni·
221 646 326 690 istud
357 647 465 691 nullo
494 649 610 690 modo
636 655 781 705 potest.
843 648 899 689 At
930 661 1025 690 vero
1058 646 1278 689 rationibus
1313 648 1629 704 syllogismisque

85 710 172 759 ais
188 728 264 758 nos
290 716 520 773 aggreditur
539 716 707 768 Aetius,
740 717 787 758 de
812 716 1050 758 coelestibus
1071 717 1189 758 rebus
1212 715 1415 771 garriens,
1448 723 1487 758 et
1511 718 1630 759 auda·

83 789 172 827 dtr
192 784 242 827 ad
263 784 468 842 superiora
490 785 757 836 contendens,
791 791 907 840 atque
931 785 980 826 ab
1003 784 1257 826 interioribus
1283 785 1476 827 creaturis
1499 786 1630 842 petitis

83 852 331 909 mentis
351 867 424 895 nos
446 867 701 911 oppugnans,
740 868 827 895 eum
849 860 978 895 tamen
1004 852 1087 895 suis
1112 852 1190 895 illis
1212 853 1486 910 disputationis
1511 868 1627 910 argu—

84 920 151 964 b'is
170 920 267 964 nihil
295 922 455 964 omnino
481 929 724 979 promoveat.
786 920 998 964 Hominum
1029 921 1170 978 quippe
1204 922 1394 979 sapientia
1425 923 1627 979 praeterit,

85 988 254 1034 m
275 990 532 1033 ratiocinandi
569 989 631 1032 vis
653 1005 699 1032 ae
722 990 916 1032 subtilitas
948 991 1177 1048 consepulta
1200 990 1325 1033 iacet:
1369 992 1523 1040 Em‘bz‘e,
1568 991 1626 1032 in-

85 1057 195 1115 quit,
235 1061 397 1113 spir-im
414 1061 496 1100 eins
517 1067 558 1100 et
577 1067 790 1100 revertetur
815 1062 854 1100 in
871 1061 1065 1113 pulverem
1093 1074 1215 1101 suum.
1279 1058 1626 1117 Syllogismorum,

83 1125 268 1183 inq-sn,
313 1127 493 1170 ammius
529 1127 660 1170 omnia
685 1128 880 1170 bominum
910 1127 1081 1184 ingeniis
1107 1129 1334 1184 excogitata
1357 1136 1625 1185 praetereunt,

86 1194 342 1253 boni-uque
363 1195 512 1252 pariter
531 1210 619 1238 cum
642 1196 707 1238 illa
727 1195 835 1238 Ae'tii
860 1197 1160 1239 ratiocinatione
1174 1229 1187 1250 ,
1220 1205 1260 1239 et
1282 1197 1469 1239 affectato
1491 1204 1629 1239 contra

85 1263 199 1307 flc-
234 1262 459 1307 calliditatis
491 1264 672 1307 artificio.
733 1268 868 1306 Manet
896 1273 1024 1307 autem
1058 1279 1107 1308 ea
1133 1281 1246 1322 quam
1273 1266 1512 1324 syllogismis
1546 1266 1628 1309 suis

83 1331 372 1375 circu-venire
400 1339 589 1385 conatur,
609 1335 737 1387 fides,
769 1349 877 1387 spes,
910 1341 951 1374 et
976 1337 1140 1384 caritas,
1173 1336 1229 1377 uti
1258 1336 1446 1392 scriptum
1477 1342 1553 1378 est.

199 1400 307 1444 Astii
330 1398 460 1458 Caput
482 1399 629 1444 xxti.
688 1400 734 1444 Si
764 1402 978 1444 substantia
1014 1404 1141 1445 omnis
1173 1403 1347 1460 ingenita
1377 1405 1451 1457 sit,
1495 1405 1625 1446 euius-

84 1468 195 1512 nodi-
212 1475 274 1512 ω
291 1470 571 1527 omnipotentis
595 1470 681 1522 (lei,
714 1471 803 1527 quid
830 1471 970 1513 attinet
991 1471 1091 1513 banc
1112 1473 1265 1528 quidem
1290 1473 1537 1530 passionibus
1559 1473 1628 1515 ob-

84 1537 272 1592 mifln,
319 1538 426 1581 illam
452 1552 558 1590 *vero
590 1547 793 1596 expertem
827 1541 1090 1582 asseverare?
1158 1539 1275 1596 Quod
1306 1542 1340 1583 si
1373 1541 1628 1584 attributione

84 1606 251 1664 quda-
268 1606 469 1663 ingenitae
491 1614 679 1660 naturae,
712 1608 837 1650 altera
858 1608 1099 1664 quantitate,
1132 1610 1338 1665 qualitate,
1384 1618 1500 1666 atque
1522 1611 1629 1653 omni

82 1679 247 1733 pronus
285 1683 418 1718 manet
457 1676 674 1718 mutatione
711 1677 913 1734 superior,
960 1678 1083 1720 altera
1125 1678 1397 1722 affectionibus
1435 1679 1626 1732 obnoxia,

82 1744 184 1800 quic
203 1749 333 1787 tamen
354 1743 438 1801 ipsa
452 1775 464 1796 ‚
497 1752 539 1787 ut
562 1744 791 1788 immutabili
814 1746 1056 1789 substantiae
1082 1747 1307 1790 conditione
1329 1747 1402 1801 sit,
1437 1748 1627 1791 beneficio

82 1812 248 1869 quodum
267 1812 432 1856 alterius
450 1813 502 1855 sit
523 1814 686 1870 adepta,
728 1814 761 1856 si
784 1814 901 1865 baec,
942 1815 1126 1872 inquam,
1167 1816 1221 1858 ita
1251 1830 1295 1859 se
1326 1816 1518 1869 babeant,
1560 1825 1629 1859 aut

82 1892 202 1934 um,
243 1894 293 1924 sc
316 1880 478 1924 sonuito
498 1882 537 1924 id
561 1882 776 1939 contigisse
802 1884 1007 1926 dicendum
1041 1892 1125 1937 est,
1168 1893 1235 1928 aut
1259 1885 1351 1928 illud
1379 1899 1627 1942 consequens

84 1955 171 2002 cst,
201 1955 302 1992 utet
322 1963 371 1992 ca
389 1964 489 2007 qnae
512 1950 594 2007 agit
612 1950 814 2008 ingenita,
856 1960 896 1995 et
921 1967 1021 2009 quae
1049 1955 1301 1997 mutationem
1324 1955 1468 2012 patitur
1494 1955 1627 2012 genita

84 2024 309 2060 censeatur.

200 2083 364 2130 Confut.
390 2084 534 2129 xxn.
596 2085 630 2130 1.
663 2087 806 2145 Neque
830 2090 1086 2134 substantiam
1116 2106 1270 2134 omnem
1294 2092 1507 2148 ingenitam
1537 2106 1626 2136 esse

84 2153 271 2208 «licinus,
313 2169 387 2198 nce
410 2169 564 2198 omnem
591 2170 613 2197 a
635 2157 710 2199 deo
738 2158 934 2214 genitam,
977 2161 1158 2217 quoniam
1188 2162 1250 2217 qui
1275 2161 1392 2203 lilium
1414 2176 1526 2204 suum
1557 2176 1627 2218 gc-

83 2223 192 2277 nuit,
234 2230 276 2267 et
296 2237 319 2266 a
340 2237 385 2267 se
412 2224 498 2281 ipso
530 2224 708 2281 spiritum
734 2234 912 2270 sanctum
934 2228 1086 2283 emisit,
1127 2230 1234 2272 illum
1263 2229 1420 2286 inquam
1447 2230 1625 2287 spiritum

84 2291 150 2349 qni
171 2305 307 2335 eornm
329 2306 428 2349 quac
452 2292 517 2335 lilii
534 2300 626 2335 sunt
644 2293 840 2352 particeps
855 2296 942 2350 fnit,
975 2311 1052 2340 non
1076 2312 1229 2351 omnes,
1261 2300 1330 2340 sed
1354 2313 1470 2341 unum
1489 2299 1626 2341 dunta-

84 2366 157 2406 xat
171 2360 333 2418 genuit3
366 2362 468 2404 unde
489 2368 529 2405 et
547 2361 771 2418 unigenitus
793 2370 878 2417 est,
909 2372 950 2407 et
970 2380 1090 2409 unum
1109 2367 1240 2410 emisit
1261 2381 1284 2410 a
1308 2382 1352 2410 se
1379 2367 1489 2424 ipso,
1523 2368 1626 2409 unde

83 2428 246 2487 spiritus
278 2436 454 2473 sanctus.
513 2427 596 2472 Per
625 2444 741 2473 unum
779 2446 896 2489 porro
928 2434 1100 2487 creavit,
1146 2442 1186 2478 et
1205 2436 1244 2478 in
1275 2448 1352 2478 uuo
1379 2436 1626 2478 confirmavit

84 2509 248 2551 onnes,
282 2512 444 2555 quorum
466 2498 530 2540 alii
551 2499 766 2555 generandi
788 2499 865 2542 vim
886 2500 1053 2555 babent,
1097 2510 1136 2545 et
1162 2511 1251 2560 post
1272 2504 1433 2560 primam
1456 2503 1625 2546 creatio-

86 2577 178 2609 ·cn
200 2565 386 2624 deinceps
404 2574 670 2623 generantur,
703 2567 767 2610 alii
790 2568 848 2610 sic
870 2570 993 2612 creati
1019 2578 1111 2614 sunt
1135 2581 1178 2614 ut
1198 2586 1324 2629 neque
1345 2571 1523 2628 gignant,
1557 2586 1626 2614 ne-

80 2634 410 2692 pegigit-ntur.
474 2634 622 2678 Verum
654 2636 829 2678 increata
862 2637 1048 2682 trinitatis
1083 2639 1302 2682 substantia
1335 2641 1451 2696 longe
1485 2640 1534 2682 ab
1566 2639 1626 2683 bis

83 2702 265 2753 §mnibus
285 2702 413 2756 abest,
446 2717 544 2760 quae
568 2704 616 2746 ab
640 2705 725 2761 ipsa
747 2704 920 2748 trinitate
943 2714 1075 2750 creata
1097 2715 1204 2762 sunt,
1236 2723 1313 2751 non
1337 2707 1486 2765 genita.
1532 2706 1626 2751 ldco

84 2769 271 2816 trinitatis
291 2771 383 2815 illud
402 2773 599 2830 proprium
622 2780 708 2827 est,
741 2780 783 2815 ut
805 2786 932 2829 neque
951 2774 1028 2831 pati
1051 2776 1271 2833 quicquam,
1303 2790 1429 2833 neque
1452 2790 1625 2821 eommu-

83 2880 225 2925 ωηο,
263 2896 305 2919 eo
339 2885 430 2931 quod
462 2894 586 2932 sponte
617 2899 675 2921 sna
708 2888 831 2922 amicus
876 2884 951 2929 (τὸν
971 2891 1103 2923 cruento
1123 2890 1249 2934 omaso)
1270 2888 1314 2926 τὰ
1332 2889 1419 2927 κατὰ
1439 2890 1502 2932 τὰς
1517 2903 1625 2937 προει·

84 2929 248 3010 ‘Tfilzi‘
253 2942 354 3010 onec-ia?
355 2933 709 3013 ”amulag-:3123
723 2937 833 3014 ἀὖσὲἑιζ
878 2932 1079 3022 ρηὲένῧιίὶρο
1100 2975 1127 3024 ἦ
1150 2979 1189 3016 τό
1214 2977 1246 3025 γ’
1270 2941 1327 3017 oxi·

922 3022 953 3058 7.
977 3025 1036 3060 τοῦ
1059 3027 1176 3060 excidit
1196 3028 1236 3060 ab
1258 3029 1330 3061 odit.
1354 3029 1488 3063 Putavit.

131 3065 163 3099 5.
197 3066 304 3109 Sum-o
329 3069 423 3110 vulno
448 3073 534 3103 extat
560 3071 711 3112 scriptum
739 3070 833 3114 φίλον

1668 1003 1782 1034 Psaln.

1665 1041 1727 1076 m,
1747 1041 1787 1068 ιι.

1664 2715 1778 2802 ang.
