2020 3276
448 218 631 253 uuam!
655 218 741 253 mn.
763 219 822 253 m.
844 219 954 254 τοΜ.
978 220 1018 254 ιι.
1042 219 1175 254 naun.
1193 220 1368 254 Lxxvn.
1596 211 1675 255 361

133 298 342 347 ds'aaacs
361 312 410 342 ac
432 298 670 356 pertinaciae
691 312 788 341 suae
809 307 1098 343 consentaneas
1119 314 1209 343 sese
1241 300 1390 343 fabulas
1417 301 1677 344 transferunt.

131 365 240 414 U-
263 380 416 425 ungues
432 367 539 410 illum
563 374 605 410 et
625 381 783 410 carnem
806 381 853 410 ac
876 367 1053 424 capillos,
1086 375 1295 426 ceteraque
1320 369 1451 412 omnia
1474 383 1554 412 non
1576 369 1682 412 eins·

119 433 241 480 v-adi
268 435 400 494 qualia
431 436 473 478 in
506 435 621 479 nobis
655 435 814 489 insunt,
857 436 1041 479 babuisse
1071 438 1322 494 praedicant,
1369 438 1438 480 sed
1473 451 1626 494 ungues
1657 452 1682 481 a

132 503 508 557 nastris‘diversos,
549 504 760 561 itidemque
793 518 950 547 carnem
976 517 1022 547 ac
1044 506 1192 562 reliqua
1222 506 1260 548 id
1288 520 1414 562 genus
1437 521 1516 548 non
1539 505 1682 549 similia

131 579 387 626 um,
427 573 497 615 sed
531 572 580 615 ab
612 572 661 615 iis
689 573 806 628 longe
837 573 1114 630 discrepantia.
1174 573 1372 616 Nimirum
1405 582 1447 617 ut
1479 573 1682 618 Valentini

132 655 187 685 aa
208 648 430 685 ceteram
459 654 559 698 quas
591 649 709 684 antea
739 642 1134 684 commemoravimus
1165 642 1384 685 haereseon
1416 656 1526 686 more
1561 643 1683 686 cavil-

133 709 277 755 latar'-
301 710 466 767 quadam
499 710 650 764 argutia
674 707 838 753 Christo
860 709 1072 766 gratificari
1104 711 1327 754 videantur.
1387 710 1501 755 Unde
1526 727 1613 755 cum
1633 726 1681 755 ca

133 778 266 822 annia
281 792 382 836 quac
397 778 532 820 insunt
550 777 592 820 in
613 775 776 821 Christo
795 780 969 836 perfecte
991 778 1246 836 absoluteque
1270 781 1537 837 profiteamur,
1561 782 1682 823 multa

130 846 190 891 ’ὗί
211 847 262 890 da
281 847 420 891 audem
438 846 608 889 absurde
625 860 673 889 ac
695 847 852 890 curiose
872 847 1073 904 disputare
1095 848 1240 890 solent.
1303 847 1365 890 De
1385 863 1462 905 quo
1485 849 1680 892 bominum

131 926 307 974 pere,
359 915 426 972 qui
456 929 543 957 cum
581 915 789 958 multarum
823 929 955 958 rerum
992 922 1198 972 satagant,
1246 917 1340 959 nibil
1375 923 1504 960 tamen
1542 926 1679 974 agunt,

133 984 330 1042 subtura
348 984 540 1027 meminit.
601 982 759 1026 Etenim
782 998 859 1040 qno
878 983 1079 1026 rudiorum
1100 984 1254 1027 animos
1275 985 1440 1041 quodam
1462 987 1571 1028 velut
1592 987 1682 1029 bor-

132 1065 230 1098 Μ
249 1052 507 1110 perfundant,
548 1052 644 1095 baec
665 1052 877 1095 identidem
910 1052 1124 1095 obiiciunt:
1168 1051 1278 1110 Ergo
1302 1053 1523 1096 istiusmodi
1543 1069 1684 1112 corpo-

132 1120 192 1165 fis
224 1120 548 1174 neeeuitatibus,
594 1135 693 1177 quae
728 1121 764 1163 ei
787 1121 1000 1164 familiares
1022 1128 1137 1173 sunt,
1179 1122 1392 1165 obstrictus
1417 1124 1510 1173 fuit,
1555 1122 1682 1179 qualis

133 1188 285 1246 asadia
317 1195 381 1231 est
405 1203 453 1231 ac
484 1190 697 1232 secessus?
753 1189 916 1232 Addunt
937 1197 978 1232 et
999 1190 1076 1232 alia
1100 1190 1310 1247 pleraque,
1351 1205 1453 1248 quae
1474 1191 1613 1234 callida
1635 1206 1682 1234 ac

132 1257 291 1301 subtilia
322 1257 528 1310 videntur,
574 1258 644 1300 scd
676 1258 872 1301 borrenda
902 1258 1120 1301 otiosorum
1153 1259 1351 1301 bominum
1392 1260 1540 1302 ludicra
1571 1267 1679 1302 sunt.

131 1324 264 1379 Nan,
301 1332 346 1369 ιιι
365 1327 423 1368 ait
441 1326 627 1383 propbeta
639 1358 652 1378 ‚
692 1330 777 1381 quis
809 1329 904 1367 haec
923 1342 946 1367 e
965 1329 1137 1368 manibus
1166 1331 1302 1370 vatris
1326 1332 1556 1383 reqm'sivil?
1613 1327 1676 1370 De
1694 1343 1779 1373 unt.
1796 1344 1824 1378 ι.
1843 1343 1886 1373 1².

132 1408 305 1452 quonam
329 1409 428 1437 vero
446 1408 499 1437 ex
519 1395 700 1437 omnibus
723 1394 893 1447 sanctis,
918 1397 1075 1438 tametsi
1097 1396 1276 1439 homines
1295 1404 1432 1439 essent
1452 1397 1680 1454 prophetae,

132 1477 212 1506 aua
233 1462 311 1516 dii,
352 1469 396 1505 ιιι
430 1470 471 1504 et
499 1463 767 1520 evangelistae
803 1464 1029 1520 ceterique,
1070 1466 1135 1520 qui
1160 1478 1214 1506 ex
1235 1464 1364 1507 anima
1386 1474 1426 1508 et
1446 1479 1566 1508 carne
1587 1480 1683 1508 eon-

130 1530 313 1584 atabaat,
355 1545 405 1574 ac
422 1531 510 1574 sinc
534 1532 613 1574 ulla
637 1532 878 1574 dubitatione
904 1532 1030 1585 nostri
1056 1532 1207 1575 similes
1231 1540 1369 1585 erant,
1412 1534 1499 1590 quis
1525 1534 1679 1587 borum,

130 1600 307 1658 inquam,
338 1600 473 1643 extitit
491 1600 540 1643 dc
559 1615 636 1657 quo
655 1601 846 1643 eiusmodi
869 1602 1058 1657 quaedam
1083 1602 1306 1659 conscripta
1327 1602 1496 1644 luerint?
1534 1601 1681 1645 Nonne

130 1669 262 1727 petias
282 1668 559 1712 honestissima
579 1683 755 1726 quaeque
781 1670 830 1712 de
852 1670 1024 1722 sanctis,
1067 1671 1208 1712 nedum
1242 1672 1291 1713 de
1311 1668 1474 1714 Christo
1506 1672 1679 1724 domiuo,

132 1736 326 1795 seriptur-
356 1738 555 1780 testatur?

245 1804 392 1849 Dicant
417 1806 531 1849 nobis
561 1805 589 1849 ii
616 1806 680 1863 qni
712 1814 753 1849 et
786 1821 883 1849 oves
911 1807 1158 1860 absterrent,
1205 1815 1244 1850 et
1272 1808 1471 1851 columbas
1498 1808 1676 1864 abigunt,
1744 1822 1825 1865 Cap.

133 1883 176 1920 οι
196 1873 350 1938 Clari-sti
382 1889 508 1931 agnos
539 1889 587 1917 ac
613 1889 756 1932 pecora
790 1877 950 1931 fugant,
993 1876 1149 1919 ubinam
1171 1875 1338 1934 Moyses
1367 1878 1458 1919 totis
1487 1878 1564 1919 illis
1585 1892 1680 1934 qua-
1737 1868 1831 1903 ³⁰¹¹·

133 1945 312 2002 draginta
331 1944 469 1986 dicbus
493 1950 671 1985 ventrem
695 1944 1004 1986 exoneraverit?
1042 1959 1211 2000 quonam
1245 1946 1292 1987 ad
1315 1960 1514 1988 secessum
1542 1946 1685 1988 abierit

134 2007 245 2056 Bti'a
265 2013 314 2054 ad
333 2018 548 2054 torrentem
571 2009 748 2065 Chorra,
781 2027 868 2055 cum
892 2014 1073 2055 mandato
1095 2014 1180 2066 dei,
1222 2028 1322 2070 quae
1342 2029 1363 2056 a
1386 2015 1519 2056 corvis
1541 2015 1682 2057 affere·

133 2079 279 2124 bau-r
298 2078 468 2131 cibaria,
501 2079 574 2122 hoc
593 2087 654 2122 est
676 2087 858 2123 nutatim
883 2090 1047 2136 tempore
1061 2096 1211 2136 panem,
1244 2098 1396 2137 vespere
1418 2099 1553 2125 carnes
1578 2099 1678 2125 eom-
1720 2097 1745 2126 a.
1766 2096 1843 2134 neg.

133 2152 272 2192 deret.
353 2147 551 2191 Nimirum
595 2148 752 2191 stultum
803 2157 889 2191 erat
926 2151 1022 2192 haec
1058 2165 1082 2193 a
1120 2152 1314 2208 scriptura
1361 2153 1676 2204 commemorari,
1734 2132 1778 2168 η’
1796 2132 1822 2160 ι

132 2217 456 2274 quemadmodum
477 2224 517 2257 et
534 2215 624 2259 illos
646 2218 760 2259 modo
784 2220 1020 2272 perscrutari
1043 2220 1203 2262 stultum
1228 2227 1304 2262 est.
1366 2218 1478 2275 Quae
1503 2221 1605 2262 enim
1627 2235 1679 2263 ex

132 2286 183 2330 iis
209 2286 358 2329 utilitas
390 2285 535 2342 percipi
565 2286 720 2341 potest?
758 2286 846 2342 quis
869 2286 987 2329 animi
1013 2289 1188 2330 fructus?
1227 2302 1327 2344 quae
1350 2303 1399 2331 eo
1425 2297 1573 2330 tantum
1592 2302 1682 2345 spe·

133 2360 215 2398 etat
235 2361 279 2397 at
303 2354 350 2396 ad
376 2360 648 2410 praesumptae
674 2353 873 2396 cuiusdam
897 2355 1091 2412 opinionis
1115 2356 1383 2398 infidelitatem
1406 2358 1680 2399 adstruendam

132 2421 384 2466 inanissimas
408 2421 639 2463 occasiones
662 2421 812 2478 frigidis
830 2421 906 2465 illis
929 2424 1041 2479 nugis
1062 2431 1099 2466 et
1123 2425 1169 2466 ad
1189 2425 1407 2467 animorum
1431 2425 1679 2467 eversionem

132 2489 287 2535 idoneis
318 2490 554 2547 suppeditet.
618 2489 747 2532 Velim
775 2498 812 2531 et
839 2490 911 2533 hoc
941 2506 1060 2548 porro
1085 2492 1199 2534 nobis
1230 2494 1472 2544 edisserant,
1517 2507 1680 2549 quanam

132 2560 287 2605 nunno
322 2561 446 2610 deus,
488 2573 575 2600 cnm
603 2559 749 2609 voluit,
794 2559 831 2600 id
862 2561 990 2614 egerit
1022 2569 1063 2602 ut
1091 2558 1356 2604 lsraelitarun·
1383 2569 1486 2602 totos
1516 2562 1682 2617 quadra·

131 2627 241 2685 ginta
274 2641 400 2670 annos
432 2641 559 2683 neque
591 2627 654 2683 pili
686 2635 939 2679 crescerent,
982 2642 1055 2670 nec
1078 2629 1348 2672 inveterarent
1375 2628 1522 2681 calcei,
1554 2643 1681 2686 neque

133 2703 268 2739 mus
288 2703 571 2747 attererentur,
604 2702 672 2737 aut
690 2695 874 2737 sordibus
893 2695 1216 2739 obsolescerent?
1274 2698 1339 2739 An
1362 2703 1401 2739 et
1420 2696 1483 2738 isti
1501 2699 1549 2739 de
1568 2698 1681 2741 coelo

134 2764 445 2808 descenderant?
483 2772 547 2806 aut
571 2764 622 2805 dii
644 2764 796 2806 scilicet
822 2771 935 2806 erant
959 2764 1104 2819 aliqui?
1163 2765 1285 2821 Atqui
1317 2778 1366 2807 ne
1394 2765 1600 2808 laudantur
1623 2766 1680 2809 illi

134 2830 315 2890 quidem,
357 2833 426 2875 sed
462 2833 634 2874 divinum
672 2846 813 2875 numen
847 2832 884 2874 in
920 2832 1117 2889 plerisque
1149 2839 1429 2889 provocarunt.
1498 2834 1564 2877 An
1600 2849 1679 2878 uon

136 2967 395 3002 enum-ite·
413 2969 499 3003 esim
529 2976 675 3002 mentem
702 2968 888 3014 simplicio—
933 2972 997 3002 lav.
1024 2970 1129 3003 eoem.
1153 2973 1247 3011 repet.

133 3023 208 3048 sam
229 3013 343 3048 atatim
367 3013 483 3048 dieunt
506 3019 574 3049 eeu.
978 3016 1010 3048 ¹1.
1035 3011 1185 3057 κομᾶσαι
1207 3016 1258 3048 ed.
1282 3017 1390 3052 Paeo.

181 3057 259 3095 cu».
278 3060 371 3094 xvi.
396 3078 439 3086 -
490 3063 516 3096 ι.
539 3059 598 3096 καὶ
617 3071 677 3095 m
699 3063 732 3094 ιιι
752 3062 800 3095 ea.
824 3061 883 3096 ro·
973 3060 1005 3095 3.
1030 3052 1097 3104 ἄρα
1119 3062 1210 3095 eoae.
1232 3070 1306 3098 mu.
