2020 3276
368 210 376 220 ·
434 211 615 246 numu
639 210 720 244 ms.
741 210 799 244 m.
822 209 932 244 ΤοΜ.
950 210 991 243 n.
1017 206 1148 245 nsua.
1166 209 1358 243 Lxxvin.
1585 198 1668 240 417

121 293 238 338 huo
269 304 398 335 senex
424 305 543 348 supra
566 288 736 333 LXXX
769 304 896 333 annos
928 297 1042 332 natus
1070 289 1262 345 virginem
1284 289 1331 331 ad
1355 302 1466 331 usum
1492 287 1669 344 corporis

121 375 201 406 nen
232 359 454 418 acceperit,
496 360 565 402 sed
592 358 723 402 divina
746 359 875 415 potius
899 358 1145 415 providentia
1171 358 1218 400 ad
1248 358 1352 399 illam
1377 356 1669 399 custodiendam

121 438 185 474 eet
205 429 423 488 appositus.
486 426 639 470 Deinde
671 426 786 469 ambo
808 434 922 469 erant
950 428 1082 483 ntique
1109 426 1224 479 iusti3
1268 439 1394 482 neque
1419 424 1484 481 qui
1508 424 1581 466 hoc
1606 437 1670 465 se-

122 499 200 542 mel
219 498 410 542 audiisset
436 498 582 539 foetum
606 496 736 548 illum,
781 510 894 552 quem
922 495 960 537 in
990 502 1102 537 utero
1125 495 1209 551 ipsa
1242 495 1446 550 gestabat,
1490 508 1511 535 e
1532 493 1671 550 spiritu

122 569 221 611 esse
237 574 401 619 uncto,
434 573 523 622 post
548 571 693 608 tantam
721 564 783 606 dei
806 564 1183 606 administrationem
1208 577 1303 605 vase
1323 563 1391 604 illo
1411 563 1575 605 auderet
1600 561 1670 613 uti,

122 635 224 694 quod
247 648 338 678 eum
357 648 499 692 capere
527 641 726 676 meruerat
753 647 867 689 quem
892 632 941 674 ob
966 632 1227 674 excellentem
1261 631 1425 687 gloriam
1453 631 1604 672 coelum
1627 643 1673 671 ac

119 711 230 749 ’terre
251 704 458 747 continere
481 717 559 745 non
584 709 762 760 possunt.
824 699 929 743 Nam
955 701 988 743 si
1016 700 1090 742 hoc
1114 700 1199 757 ipso
1224 708 1400 756 tempore
1432 700 1608 755 virgines
1635 699 1673 740 in

124 772 211 816 eius
233 771 392 816 nomine
424 785 683 829 perseverare
705 771 744 812 in
769 770 836 812 illo
862 777 966 812 statu
991 784 1037 812 ac
1061 769 1359 821 castimoniam,
1408 776 1448 810 et
1469 767 1676 809 eontinen-

122 842 219 885 tiem
242 855 407 885 servare
431 841 697 892 contendunt,
740 846 886 895 quanto
914 839 1040 880 maior
1060 837 1215 894 losephi
1243 838 1384 894 religio
1408 845 1494 879 erat
1518 851 1563 878 ac
1586 833 1675 877 Ma-

124 909 232 964 riae,
263 923 364 968 quae
385 918 429 952 ut
449 911 636 966 scriptum
663 915 747 960 est,
779 910 903 949 omnia
928 911 967 949 in
993 910 1107 948 eorde
1127 922 1197 948 suo
1222 908 1469 961 conferebat?
1528 903 1673 947 Cuius·
1698 895 1771 937 1⁶⁰⁶·
1790 908 1819 943 ²,
1839 908 1880 937 ¹⁵·

123 978 231 1023 nodi
252 992 350 1022 vero
370 986 456 1021 erat
481 978 596 1030 illud,
639 984 724 1033 post
757 977 833 1019 tale
857 983 1084 1032 tantumque
1114 976 1272 1017 divinae
1297 974 1566 1032 providentiae
1592 988 1677 1030 my-

125 1047 290 1092 sterium
312 1048 552 1104 decrepitum
582 1060 717 1089 senem
750 1060 837 1088 cum
869 1044 1024 1102 virgine
1060 1043 1280 1087 castissima
1306 1052 1344 1086 et
1369 1043 1677 1086 honoratissima

126 1130 417 1170 consuescere,
463 1130 551 1158 cum
582 1129 630 1158 eo
659 1115 816 1172 inquam
850 1128 949 1157 vase
979 1114 1080 1170 quod
1116 1127 1204 1156 cum
1235 1113 1302 1169 qui
1330 1113 1415 1170 capi
1445 1127 1523 1154 non
1550 1118 1679 1168 potest

126 1193 285 1243 ceperat
306 1199 352 1228 ac
373 1192 450 1227 tem
474 1185 706 1241 stupendum
742 1182 907 1240 prodigii
938 1183 1124 1225 coelestis
1147 1190 1186 1224 et
1210 1182 1400 1225 humanae
1432 1181 1571 1224 salutis
1594 1194 1679 1237 my-

120 1254 291 1298 sterium
321 1253 570 1311 complexum
603 1253 757 1295 suerat?

242 1320 346 1365 Nam
380 1336 479 1378 quae
514 1322 692 1364 rationes
723 1321 770 1363 ad
800 1321 893 1363 illud
921 1321 1205 1363 ostendendum
1234 1335 1312 1362 non
1348 1326 1556 1376 suppetant
1586 1318 1679 1360 bea·
1703 1325 1868 1369 Cap.1x.

129 1399 208 1441 tem
231 1390 424 1447 virginem
446 1391 486 1433 iu
510 1389 743 1432 castimonia
768 1389 1014 1446 perstitisse?
1073 1387 1253 1431 Doceant
1275 1403 1347 1431 nos
1366 1389 1419 1430 illi
1443 1396 1531 1444 post
1554 1388 1682 1429 salva-

128 1469 255 1505 torem
278 1459 319 1502 in
341 1459 466 1502 lucem
491 1459 634 1501 editum
670 1458 769 1500 ullos
791 1456 959 1500 Mariam
996 1459 1196 1514 peperisse
1221 1458 1384 1499 liberos.
1446 1455 1592 1498 Dicant
1615 1457 1683 1498 lio-

127 1523 217 1573 'rum
251 1529 437 1581 nomina,
485 1542 530 1570 ac
558 1527 591 1569 si
621 1527 749 1584 placet
778 1527 1025 1583 contingant,
1071 1527 1217 1568 fraudis
1248 1540 1293 1568 ae
1323 1524 1523 1568 versutiae
1555 1525 1683 1567 omnis

130 1597 350 1643 architecti.
413 1594 494 1639 Sed
528 1596 620 1638 illud
656 1596 928 1638 demonstrare
962 1610 1158 1652 nunquam
1197 1601 1395 1652 poterunt.
1456 1593 1550 1636 Non
1580 1594 1684 1636 enim

132 1667 250 1711 ullam
271 1667 386 1722 virgo
415 1665 490 1707 viri
514 1664 837 1707 consuetudinem
865 1664 1012 1706 habuit.
1074 1663 1193 1706 Absit
1216 1671 1257 1706 ut
1280 1663 1463 1705 habuisse
1486 1671 1681 1719 putemus.

133 1734 179 1780 Si
201 1735 307 1779 enim
333 1734 485 1790 aliquos
510 1734 656 1776 liberos
682 1734 924 1790 peperisset,
970 1747 1070 1789 quae
1101 1747 1188 1774 eum
1213 1733 1410 1775 salvatore
1433 1731 1518 1788 ipso
1550 1745 1686 1773 versa-

132 1803 251 1848 batur
277 1802 456 1855 assidue,
503 1817 581 1845 una
602 1809 642 1844 et
667 1802 788 1859 ipsius
821 1802 920 1844 titios
956 1802 1108 1844 vixisse
1133 1802 1324 1843 dicerent.
1387 1799 1468 1844 Sed
1504 1801 1577 1842 hoo
1609 1799 1685 1842 illis

133 1872 327 1929 evangelii
362 1871 507 1914 dictum
539 1871 744 1928 imposuit,
787 1874 888 1912 Ecce
909 1878 1028 1911 mater
1052 1879 1116 1911 tua
1140 1879 1178 1911 et
1194 1873 1340 1925 fratres
1363 1873 1423 1910 tui
1440 1871 1539 1924 soris
1559 1876 1677 1918 stant,
1700 1880 1861 1917 lauceae.

135 1948 362 1997 querentes
391 1948 439 1981 te.
502 1938 592 1982 Nec
626 1939 718 1981 illud
755 1939 1073 1982 animadvertunt
1107 1939 1207 1995 quod
1241 1946 1357 1981 antea
1388 1939 1574 1994 scriptum
1606 1945 1683 1990 est,

139 2011 322 2063 Quoniam
348 2010 494 2064 fratres
525 2012 606 2050 eius
637 2023 711 2049 non
742 2009 946 2050 eredebant
978 2012 1016 2049 in
1048 2010 1168 2049 illum.
1234 2007 1452 2050 Enimvero
1487 2021 1560 2048 nos
1592 2021 1682 2063 pro·
1736 2014 1840 2077 13⁸?-

139 2091 282 2136 gressu
313 2077 500 2133 temporis
531 2077 807 2119 instructiores
833 2076 995 2130 redditi,
1040 2091 1127 2119 cum
1152 2077 1358 2133 aliquando
1390 2089 1525 2118 sacras
1552 2075 1687 2117 literas
1769 2070 1778 2085 ’
1815 2069 1822 2077 ’

141 2154 220 2190 tem
252 2145 483 2203 simpliciter
514 2146 682 2202 scriptas
713 2159 803 2187 esse
835 2146 1092 2198 miraremur,
1136 2153 1338 2202 postquam
1375 2146 1529 2203 penitus
1559 2144 1689 2186 omnia

141 2214 405 2275 pervidimus,
438 2214 511 2256 deo
533 2213 680 2269 gratias
705 2227 824 2270 agere
845 2214 1069 2271 coepimus,
1101 2214 1165 2271 qui
1189 2215 1435 2271 paucissimis
1460 2217 1689 2273 quibusdam

139 2283 277 2328 verbis
301 2297 438 2326 eorum
462 2282 632 2324 omnium
657 2291 756 2338 quae
779 2281 818 2324 in
842 2282 967 2325 saeris
997 2283 1122 2325 literis
1149 2284 1294 2340 scripta
1320 2291 1412 2326 sunt
1434 2286 1619 2327 munitam
1646 2300 1691 2327 ac

142 2352 352 2398 stabilitam
374 2351 580 2393 veritatem
604 2349 795 2392 exhibere
815 2350 954 2393 voluit.
1016 2349 1118 2393 Cum
1149 2352 1251 2394 enim
1277 2353 1324 2395 de
1360 2351 1503 2395 lacobo
1533 2353 1691 2395 assidue

141 2421 236 2465 illud
270 2420 520 2471 audiremus,
565 2419 724 2461 tratrem
750 2419 875 2475 ipsum
909 2419 1055 2461 domini
1085 2427 1267 2462 vocatum
1301 2421 1449 2474 fuisse,
1495 2422 1558 2478 qui
1589 2421 1692 2463 istud

144 2489 264 2533 toties
294 2502 462 2532 necesse
486 2489 589 2530 foret
614 2494 795 2544 repetere
819 2487 1086 2530 admirabundi
1115 2489 1417 2545 quaerebamus.
1479 2489 1598 2532 Nunc
1624 2504 1693 2531 au·

147 2566 226 2603 tem
246 2572 320 2601 cur
339 2558 376 2600 id
398 2556 438 2599 in
461 2557 586 2600 sacris
612 2556 735 2597 literis
758 2562 849 2597 ante
876 2555 927 2598 sit
946 2555 1179 2598 inculcatum
1211 2557 1478 2613 intelligimus.
1544 2557 1694 2600 Videli-

147 2634 212 2671 cet
232 2634 276 2670 ut
293 2641 381 2669 cum
406 2626 609 2676 audimus,
652 2627 753 2665 Eece
775 2631 895 2664 mater
925 2631 989 2664 tua
1018 2632 1055 2665 et
1078 2627 1223 2679 fratres
1247 2629 1307 2666 tm·
1325 2628 1423 2678 [ονιὶσ
1451 2634 1556 2667 stant
1584 2641 1697 2680 quae-

147 2703 273 2739 mm
297 2703 354 2745 te,
388 2694 437 2736 de
459 2691 603 2736 lacobo
624 2707 671 2735 ae
697 2692 843 2734 ceteris
867 2689 1023 2749 losephi
1046 2692 1158 2745 liliis,
1192 2708 1271 2736 non
1299 2692 1478 2743 Mariae,
1514 2694 1577 2750 qui
1602 2694 1695 2736 nulli

148 2771 263 2817 sunt,
309 2763 452 2806 dictum
485 2762 577 2804 illud
612 2775 701 2803 esse
733 2762 958 2803 doceamur.
1021 2759 1161 2817 Neque
1189 2761 1292 2803 enim
1323 2762 1478 2804 dubium
1510 2770 1572 2804 est
1604 2762 1695 2819 quin

150 2829 342 2884 lacobus,
375 2845 452 2887 quo
476 2838 651 2887 tempore
679 2828 862 2873 Christus
887 2829 924 2870 in
949 2829 1022 2871 tuoe
1042 2830 1185 2871 mundo
1208 2830 1466 2882 versabatur,
1501 2838 1608 2873 osset
1630 2844 1697 2873 ae-

150 2905 231 2943 tate
253 2899 491 2957 provectior.
554 2896 742 2941 Ceterum
767 2899 906 2939 fratres
930 2897 1038 2954 ipsos
1070 2897 1264 2954 scriptura
1299 2905 1435 2950 vocat,
1478 2899 1699 2941 contrarias

152 2967 339 3011 haereses
362 2967 480 3010 tacite
498 2967 756 3024 redarguens,
789 2981 834 3008 ae
858 2966 1014 3008 nomina
1035 2965 1188 3007 illorum
1213 2967 1462 3023 exprimens,
1497 2965 1697 3020 Iacobum,

153 3032 269 3089 lose,
302 3034 565 3093 Symeonem,
600 3033 750 3088 ludam,
785 3033 997 3086 Salomen,
1031 3042 1068 3076 et
1091 3031 1273 3077 Mariam.
1336 3033 1400 3078 Ex
1424 3051 1500 3092 quo
1525 3037 1700 3079 declara·

224 3116 342 3153 οοηιιιο
360 3113 538 3143 nure-001.
553 3110 591 3142 11.
607 3114 636 3143 s.
1376 3119 1428 3161 27
