2020 3276
432 257 616 293 rmum
638 258 722 293 me.
734 258 794 292 ιιι.
818 258 932 293 Tou.
945 260 987 293 ιι.
1009 258 1144 293 nana.
1163 259 1338 293 Lxxvn.
1573 249 1655 293 385

113 337 389 397 widem,
429 338 479 380 ab
515 338 744 395 angelorum
781 345 843 381 est
871 338 993 380 eboro
1025 339 1219 395 cognitus.
1280 337 1542 381 Mittebantur
1575 345 1656 380 tum

114 406 310 452 &estes
328 405 384 450 illi
409 406 635 460 exercitus,
680 407 744 463 qni
766 407 994 464 sempiterni
1017 407 1124 463 regis
1147 408 1368 464 ingressum
1396 407 1659 464 apparitorum

113 483 163 519 ae
192 474 403 518 satellitum
440 489 549 517 more
580 475 792 532 stiparent3
838 475 1086 532 triumphalia
1123 477 1296 519 carmina
1331 475 1658 527 concinebantur,

113 551 195 602 pax
220 542 384 601 insuper
413 543 635 601 pastoribus
665 543 933 586 nuntiabatur.
995 541 1084 599 Qua
1115 543 1236 600 igitur
1257 545 1296 587 in
1319 559 1363 587 re
1386 545 1490 586 illius
1511 551 1571 586 est
1600 543 1660 586 in·
1677 551 1864 587 nuth-m.

113 611 265 656 tenuta
289 611 503 655 maiestas?
557 610 662 655 Nam
683 626 771 654 eum
794 613 919 654 adbuc
939 612 1072 654 infans
1097 620 1226 664 esset,
1270 621 1310 654 et
1330 613 1469 655 alienis
1493 611 1662 654 brachiis

112 685 361 738 Μαι,
393 693 522 723 novae
547 680 595 722 ab
613 681 767 723 oriente
792 681 928 723 stellae
954 681 1172 738 prodigium
1198 682 1402 738 apparuit3
1446 681 1546 737 quod
1570 680 1662 723 sub-

112 752 273 792 secutas
294 749 481 806 deinceps
504 747 712 806 Magorum
734 750 951 802 adventus,
984 749 1163 791 adoratio
1186 756 1227 791 et
1247 749 1494 806 obsequium.
1556 748 1662 791 Tum

114 817 165 861 ab
183 828 280 874 rege
303 818 406 860 l'aeta
428 831 452 859 a
472 818 614 860 scribis
637 817 838 874 inquisitio
852 850 864 871 ,
896 818 1200 874 eorumdemque
1229 832 1461 875 responsum
1487 833 1534 860 ac
1556 817 1663 860 veri-

114 886 208 930 tatis
229 886 446 930 confessio.
507 885 677 942 Reliqua
698 887 853 929 demum
880 887 977 940 alia,
1021 900 1122 942 quae
1145 894 1437 943 cousequenter
1458 901 1663 943 exponun-

114 959 203 1008 tur,
243 954 334 1013 qaid
366 954 562 997 divinitati
589 955 694 997 illius
720 956 876 998 officere
898 956 1137 1012 potueruut?
1195 954 1403 1011 Quodnam
1435 970 1533 997 vero
1559 955 1662 997 utin

115 1021 232 1067 uehis
251 1023 459 1076 usuvenit,
501 1023 633 1065 caruis
664 1024 864 1076 detentio,
905 1024 1014 1066 velut
1038 1024 1348 1079 integumentum
1371 1023 1426 1065 illi
1452 1031 1491 1065 et
1511 1023 1664 1066 involu-

116 1084 226 1135 eru-
247 1091 439 1135 udum
494 1090 598 1134 Nam
628 1098 668 1134 et
691 1099 964 1149 tempestatem
995 1106 1082 1135 cum
1107 1092 1237 1135 ventis
1270 1106 1317 1135 ac
1337 1091 1434 1134 mari
1466 1092 1658 1148 increpat,
1674 1096 1746 1126 laue-
1766 1096 1794 1132 Β,
1810 1097 1856 1124 ²⁸·
1929 1116 1936 1124 ·

117 1173 193 1203 nee
215 1158 347 1203 divina
371 1159 475 1203 illius
497 1167 696 1216 potestas,
740 1175 826 1203 cum
850 1162 889 1203 id
909 1161 1010 1218 quod
1035 1169 1200 1204 naturae
1231 1175 1327 1204 suae
1354 1168 1664 1203 consentaneum

118 1235 183 1272 est
202 1228 392 1281 efleeret,
425 1229 556 1271 earnis
568 1229 645 1271 ulla
666 1230 903 1286 contagione
924 1229 1265 1287 praepediebatur.
1328 1228 1555 1285 Quinetiam
1578 1243 1665 1271 cum

118 1310 191 1340 sua
220 1297 330 1340 earui
358 1298 483 1340 moles
513 1298 765 1354 gravitasque
797 1306 1021 1351 constaret,
1066 1313 1311 1355 nequaquam
1339 1305 1469 1340 tamen
1499 1298 1597 1340 haec
1619 1298 1667 1340 it-

117 1365 196 1408 lum
219 1365 396 1422 gravitas
420 1367 649 1410 retardavit.
707 1365 811 1408 Nam
836 1381 955 1424 supra
975 1381 1096 1423 aquas
1125 1367 1360 1419 ambulavit,
1406 1366 1462 1409 uti
1484 1366 1665 1408 immuta·
1683 1372 1794 1402 Mntth-
1812 1374 1852 1401 ¹⁴-

118 1433 236 1477 bilem
257 1433 372 1477 deum
402 1449 473 1491 par
494 1442 604 1487 erat,
650 1435 714 1491 qui
740 1435 798 1477 sie
820 1435 860 1478 in
883 1450 1002 1478 carne
1026 1436 1258 1479 versabatur
1280 1435 1386 1478 nulla
1408 1443 1451 1478 ut
1476 1435 1517 1476 in
1539 1434 1666 1492 ipsum

119 1516 174 1546 ex
198 1501 264 1546 illa
294 1503 459 1545 mutatio
492 1504 748 1546 redundaret.
808 1503 946 1560 ltaque
966 1512 1007 1546 et
1028 1511 1215 1546 contenta
1244 1518 1344 1547 voce
1367 1504 1425 1546 sic
1446 1504 1664 1546 exclamat:

119 1573 272 1614 unm
290 1575 380 1613 veni
390 1573 514 1626 sorus.
579 1570 623 1614 lu
647 1586 724 1628 quo
745 1586 904 1615 carnem
925 1573 999 1615 sibi
1023 1580 1305 1630 repugnantem
1327 1573 1486 1615 minime
1508 1579 1570 1614 est
1595 1586 1668 1614 ex·
1723 1579 1827 1609 loa-n.

119 1646 281 1698 pertus3
313 1654 440 1697 neque
461 1640 646 1683 divinitas
666 1641 749 1697 ipsa
769 1641 808 1683 in
833 1655 952 1683 carne
975 1643 1229 1698 perfectaque
1253 1641 1421 1684 hominis
1447 1649 1586 1685 natura
1604 1656 1667 1685 re·
1720 1615 1820 1652 n’ss

120 1708 255 1752 sidens
283 1708 393 1752 velut
421 1709 613 1752 servitute
644 1710 809 1767 quadam
841 1716 903 1752 est
932 1724 1136 1766 oppressa.

232 1775 449 1820 Possumus
483 1785 524 1820 et
557 1778 632 1820 alia
663 1778 861 1835 complura
896 1779 1136 1831 subtexere,
1181 1779 1290 1821 velut
1321 1780 1422 1835 quod
1453 1794 1476 1822 a
1501 1780 1666 1822 mortuis
1724 1789 1805 1833 cap.

123 1845 325 1889 exeitatus
350 1853 437 1898 est,
485 1847 586 1902 quod
618 1847 831 1889 inferorum
857 1847 1026 1890 claustra
1049 1847 1262 1905 perfregit,
1305 1848 1406 1904 quod
1427 1849 1669 1905 captivorum
1688 1835 1852 1916 gfff&

122 1927 263 1971 agmen
284 1915 326 1957 iu
350 1920 583 1971 potestatem
616 1916 770 1972 redegit
793 1923 832 1958 et
852 1916 1016 1969 eduxit,
1061 1917 1163 1973 quod
1195 1916 1310 1958 tertia
1341 1917 1404 1959 die
1432 1931 1518 1959 cum
1550 1930 1670 1959 carne

123 1995 196 2025 sua
216 1982 489 2035 sanctissima,
532 1997 605 2026 nec
638 1999 716 2026 non
739 1991 779 2026 et
800 1984 954 2037 anima,
999 1992 1157 2037 mente,
1203 2000 1249 2027 ac
1276 1992 1359 2027 toto
1385 1985 1552 2041 denique
1574 1999 1671 2027 vase

123 2050 210 2108 ipso
242 2050 439 2104 surrexit,
481 2058 523 2093 et
553 2066 639 2094 cum
670 2052 873 2095 divinitate
905 2053 1107 2109 copulatus
1138 2053 1254 2096 homo
1289 2054 1487 2110 perfectus
1519 2054 1668 2108 extitit,

125 2119 408 2175 humanamque
430 2125 606 2162 naturam
631 2121 679 2162 ad
700 2120 916 2164 divinitatis
933 2122 1174 2165 consortium
1198 2122 1357 2174 evexit,
1391 2122 1490 2164 adeo
1510 2130 1552 2164 ut
1570 2138 1671 2163 mors

124 2189 203 2243 ipsi
227 2202 302 2229 m
333 2188 546 2229 dominetur
572 2190 746 2242 amplius.
809 2188 936 2245 Igitur
962 2205 1050 2232 eum
1074 2190 1278 2232 divinitate
1311 2190 1544 2233 coniunctus
1569 2191 1671 2247 quod

125 2269 302 2300 erassum
323 2263 411 2298 erat
430 2262 471 2298 et
492 2263 718 2299 concretum
746 2263 864 2300 tenue
887 2272 934 2301 ac
954 2258 1096 2301 subtile
1119 2259 1287 2301 reddidit
1309 2265 1389 2301 tum
1413 2273 1499 2301 cum
1528 2259 1673 2301 clausis

126 2323 276 2368 loribus
295 2324 498 2381 ingressus
523 2331 606 2378 est,
648 2332 796 2368 etcum
819 2325 1030 2379 intrasset,
1063 2341 1221 2369 caruem
1243 2334 1282 2370 et
1306 2341 1398 2370 ossa
1419 2326 1670 2379 monstravit,

127 2398 171 2437 ut
194 2399 236 2436 et
259 2392 470 2436 salutarem
504 2406 614 2435 suam
646 2394 859 2450 potentiam
893 2395 1141 2449 ostenderet,
1186 2403 1225 2438 et
1258 2397 1358 2452 quod
1395 2396 1477 2453 spei
1512 2402 1672 2438 nostrae

128 2461 368 2520 propositum
400 2468 460 2504 est
491 2461 722 2514 exhiberet,
769 2462 1001 2520 planumque
1034 2465 1183 2506 taceret
1214 2464 1343 2507 omnia
1376 2479 1399 2507 a
1428 2464 1551 2507 verbo
1585 2469 1675 2520 post

128 2536 350 2588 susceptam
373 2543 533 2573 carnem
558 2543 649 2573 esse
670 2531 858 2587 perfecta.
918 2528 1135 2574 Praeterea
1155 2532 1292 2575 eodem
1316 2532 1382 2575 illo
1405 2546 1572 2590 corpore
1593 2546 1675 2574 ma·

129 2598 271 2657 guiflee
302 2598 479 2641 sublatus
513 2598 552 2640 iu
580 2598 731 2642 coelum
756 2599 803 2641 ad
830 2598 952 2656 patris
985 2599 1188 2643 dexteram
1222 2601 1423 2654 consedit,
1468 2615 1546 2643 non
1573 2600 1677 2643 mole

130 2674 412 2725 praegravatus
435 2668 637 2726 corporis,
670 2674 738 2710 aut
755 2680 853 2710 vero
871 2681 1038 2724 corpore
1061 2668 1146 2724 ipso
1169 2669 1324 2726 penitus
1347 2669 1575 2720 exsolutus,
1605 2668 1676 2711 sed

131 2733 232 2779 idem
267 2735 393 2794 ipsum
424 2736 599 2794 spiritale
630 2736 850 2779 suscitavit.
921 2733 1036 2791 Quod
1070 2736 1103 2779 si
1134 2745 1303 2778 nostrum
1338 2739 1437 2778 illud
1467 2752 1605 2792 corpus
1634 2740 1673 2778 in
1745 2774 1752 2781 .
1823 2761 1836 2781 ι

132 2808 372 2860 eon-upum
392 2809 619 2855 seminatur,
652 2808 782 2858 sna-git
803 2807 840 2845 in
865 2807 1166 2858 ιἠσοννιφίίοηο,
1198 2808 1406 2847 seminatur
1432 2820 1570 2860 corpus
1591 2809 1675 2847 une·-

134 2874 250 2924 nale,
293 2876 467 2927 spbn‘eale
490 2889 626 2928 corpus
658 2876 871 2922 excitatur,
917 2880 1062 2928 quanto
1095 2873 1133 2915 id
1166 2874 1290 2929 magis
1318 2874 1365 2916 de
1397 2873 1585 2930 unigeniti
1612 2874 1679 2917 lilii

135 2941 197 2984 dei
220 2954 386 2999 corpore
414 2956 485 2999 par
516 2949 579 2985 est
601 2942 812 2984 arbitrari?
869 2939 1083 2998 Propterea
1109 2942 1210 2983 istud
1235 2942 1430 2999 impletum
1464 2949 1547 2985 est:
1587 2945 1675 2984 Non
1722 2960 1833 3004 naq,

136 3009 243 3051 debes
261 3017 431 3052 sanetum
454 3018 556 3052 tuum
577 3013 702 3052 milet-e
719 3014 1008 3064 cor-ruptionem,
1041 3025 1159 3064 neque
1176 3013 1366 3066 relinques
1383 3015 1544 3053 aninum
1563 3026 1678 3053 meum
1733 2996 1774 3028 ¹⁵¹
1795 2998 1833 3025 ¹⁴*

137 3081 177 3119 in
198 3080 360 3134 &semo-
423 3078 555 3135 Atque
588 3079 684 3122 baec
717 3079 870 3135 quidem
903 3077 1032 3121 omnia
1066 3079 1114 3121 de
1137 3080 1310 3135 perlecta
1343 3080 1511 3123 bominis
1538 3086 1679 3122 natura

209 3154 328 3193 corpu
346 3155 527 3185 uara-001.
547 3155 584 3184 ιι.
603 3156 631 3185 a.
1355 3163 1407 3204 25
