<?xml version="1.0" encoding="UTF-8"?>
<!DOCTYPE html PUBLIC "-//W3C//DTD XHTML 1.0 Transitional//EN"
    "http://www.w3.org/TR/xhtml1/DTD/xhtml1-transitional.dtd">
<html xmlns="http://www.w3.org/1999/xhtml" xml:lang="en" lang="en">
 <head>
  <title>
</title>
<meta http-equiv="Content-Type" content="text/html;charset=utf-8" />
  <meta name='ocr-system' content='tesseract 3.04.00' />
  <meta name='ocr-capabilities' content='ocr_page ocr_carea ocr_par ocr_line ocrx_word'/>
</head>
<body>
  <div class='ocr_page' id='page_1' title='image "./corporishaereseo23epip_0315.png"; bbox 0 0 2020 3276; ppageno 0'>
   <div class='ocr_carea' id='block_1_1' title="bbox 457 191 1669 236">
    <p class='ocr_par' dir='ltr' id='par_1_1' title="bbox 457 191 1669 236">
     <span class='ocr_line' id='line_1_1' title="bbox 457 191 1669 236; baseline -0.002 0"><span class='ocrx_word' id='word_1_1' title='bbox 457 202 640 236; x_wconf 63' lang='lat' dir='ltr'>rammi</span> <span class='ocrx_word' id='word_1_2' title='bbox 663 201 820 234; x_wconf 64' lang='lat' dir='ltr'>mam.</span> <span class='ocrx_word' id='word_1_3' title='bbox 845 202 954 235; x_wconf 74' lang='lat' dir='ltr'>Tou.</span> <span class='ocrx_word' id='word_1_4' title='bbox 978 202 1004 234; x_wconf 91' lang='grc' dir='ltr'>ι.</span> <span class='ocrx_word' id='word_1_5' title='bbox 1028 201 1160 235; x_wconf 72' lang='lat' dir='ltr'>man.</span> <span class='ocrx_word' id='word_1_6' title='bbox 1178 201 1337 234; x_wconf 75' lang='lat' dir='ltr'>Lxxvi.</span> <span class='ocrx_word' id='word_1_7' title='bbox 1586 191 1669 234; x_wconf 85' lang='grc'>303</span> 
     </span>
    </p>
   </div>
   <div class='ocr_carea' id='block_1_2' title="bbox 110 278 1679 2591">
    <p class='ocr_par' dir='ltr' id='par_1_2' title="bbox 110 278 1670 612">
     <span class='ocr_line' id='line_1_2' title="bbox 126 278 1670 336; baseline -0.002 -11"><span class='ocrx_word' id='word_1_8' title='bbox 126 283 254 331; x_wconf 46' lang='lat' dir='ltr'>a*</span> <span class='ocrx_word' id='word_1_9' title='bbox 261 282 387 324; x_wconf 77' lang='lat' dir='ltr'>filium</span> <span class='ocrx_word' id='word_1_10' title='bbox 411 282 602 333; x_wconf 77' lang='lat' dir='ltr'>honorat,</span> <span class='ocrx_word' id='word_1_11' title='bbox 634 281 703 323; x_wconf 90' lang='lat' dir='ltr'>sed</span> <span class='ocrx_word' id='word_1_12' title='bbox 728 281 849 322; x_wconf 75' lang='lat' dir='ltr'>filium</span> <span class='ocrx_word' id='word_1_13' title='bbox 875 280 998 331; x_wconf 81' lang='lat' dir='ltr'>dixit,</span> <span class='ocrx_word' id='word_1_14' title='bbox 1043 281 1203 336; x_wconf 88' lang='lat' dir='ltr'>perinde</span> <span class='ocrx_word' id='word_1_15' title='bbox 1225 294 1272 322; x_wconf 89' lang='lat' dir='ltr'>ac</span> <span class='ocrx_word' id='word_1_16' title='bbox 1294 287 1461 336; x_wconf 89' lang='lat' dir='ltr'>patrem.</span> <span class='ocrx_word' id='word_1_17' title='bbox 1522 278 1670 323; x_wconf 91' lang='lat' dir='ltr'>Simili-</span> 
     </span>
     <span class='ocr_line' id='line_1_3' title="bbox 128 349 1663 405; baseline -0.003 -11"><span class='ocrx_word' id='word_1_18' title='bbox 128 357 191 397; x_wconf 61' lang='lat' dir='ltr'>U·</span> <span class='ocrx_word' id='word_1_19' title='bbox 205 349 272 403; x_wconf 69' lang='grc' dir='ltr'>οἱ,</span> <span class='ocrx_word' id='word_1_20' title='bbox 312 353 382 405; x_wconf 71' lang='lat' dir='ltr'>qui</span> <span class='ocrx_word' id='word_1_21' title='bbox 399 353 439 391; x_wconf 73' lang='lat' dir='ltr'>in</span> <span class='ocrx_word' id='word_1_22' title='bbox 462 352 637 404; x_wconf 67' lang='lat' dir='ltr'>spbn&#39;mn</span> <span class='ocrx_word' id='word_1_23' title='bbox 663 351 925 403; x_wconf 72' lang='lat' dir='ltr'>blasphemium</span> <span class='ocrx_word' id='word_1_24' title='bbox 957 352 1120 397; x_wconf 62' lang='lat' dir='ltr'>delrmr,</span> <span class='ocrx_word' id='word_1_25' title='bbox 1163 364 1237 389; x_wconf 82' lang='lat' dir='ltr'>mm</span> <span class='ocrx_word' id='word_1_26' title='bbox 1258 352 1452 390; x_wconf 59' lang='lat' dir='ltr'>remissum</span> <span class='ocrx_word' id='word_1_27' title='bbox 1473 352 1529 390; x_wconf 80' lang='lat' dir='ltr'>iri</span> <span class='ocrx_word' id='word_1_28' title='bbox 1543 352 1663 398; x_wconf 81' lang='lat' dir='ltr'>docet,</span> 
     </span>
     <span class='ocr_line' id='line_1_4' title="bbox 125 416 1665 474; baseline 0 -14"><span class='ocrx_word' id='word_1_29' title='bbox 125 420 347 474; x_wconf 65' lang='lat' dir='ltr'>-q-ehie,</span> <span class='ocrx_word' id='word_1_30' title='bbox 385 433 506 472; x_wconf 73' lang='lat' dir='ltr'>neque</span> <span class='ocrx_word' id='word_1_31' title='bbox 524 422 564 459; x_wconf 77' lang='lat' dir='ltr'>in</span> <span class='ocrx_word' id='word_1_32' title='bbox 582 419 718 471; x_wconf 75' lang='lat' dir='ltr'>future</span> <span class='ocrx_word' id='word_1_33' title='bbox 733 419 909 458; x_wconf 80' lang='lat' dir='ltr'>saeculo.-</span> <span class='ocrx_word' id='word_1_34' title='bbox 952 424 995 458; x_wconf 92' lang='lat' dir='ltr'>ut</span> <span class='ocrx_word' id='word_1_35' title='bbox 1018 416 1203 458; x_wconf 86' lang='lat' dir='ltr'>videlicet</span> <span class='ocrx_word' id='word_1_36' title='bbox 1233 417 1445 459; x_wconf 69' lang='lat' dir='ltr'>trinitatem</span> <span class='ocrx_word' id='word_1_37' title='bbox 1470 418 1510 460; x_wconf 93' lang='lat' dir='ltr'>in</span> <span class='ocrx_word' id='word_1_38' title='bbox 1540 426 1665 474; x_wconf 89' lang='lat' dir='ltr'>patre,</span> 
     </span>
     <span class='ocr_line' id='line_1_5' title="bbox 123 484 1672 543; baseline -0.001 -12"><span class='ocrx_word' id='word_1_39' title='bbox 123 484 212 531; x_wconf 67' lang='lat' dir='ltr'>flio</span> <span class='ocrx_word' id='word_1_40' title='bbox 231 485 433 543; x_wconf 73' lang='lat' dir='ltr'>&#39;etapiritn</span> <span class='ocrx_word' id='word_1_41' title='bbox 454 493 594 529; x_wconf 85' lang='lat' dir='ltr'>sancto</span> <span class='ocrx_word' id='word_1_42' title='bbox 612 499 702 528; x_wconf 85' lang='lat' dir='ltr'>esse</span> <span class='ocrx_word' id='word_1_43' title='bbox 729 486 868 527; x_wconf 90' lang='lat' dir='ltr'>doceat</span> <span class='ocrx_word' id='word_1_44' title='bbox 889 484 1132 536; x_wconf 86' lang='lat' dir='ltr'>huiusmodi,</span> <span class='ocrx_word' id='word_1_45' title='bbox 1177 492 1219 526; x_wconf 92' lang='lat' dir='ltr'>ut</span> <span class='ocrx_word' id='word_1_46' title='bbox 1244 486 1290 527; x_wconf 86' lang='lat' dir='ltr'>ad</span> <span class='ocrx_word' id='word_1_47' title='bbox 1314 486 1418 528; x_wconf 87' lang='lat' dir='ltr'>illam</span> <span class='ocrx_word' id='word_1_48' title='bbox 1444 486 1540 528; x_wconf 86' lang='lat' dir='ltr'>nihil</span> <span class='ocrx_word' id='word_1_49' title='bbox 1559 501 1672 530; x_wconf 87' lang='lat' dir='ltr'>acce-</span> 
     </span>
     <span class='ocr_line' id='line_1_6' title="bbox 110 554 691 612; baseline -0.012 -10"><span class='ocrx_word' id='word_1_50' title='bbox 110 554 223 601; x_wconf 62' lang='lat' dir='ltr'>·dtn</span> <span class='ocrx_word' id='word_1_51' title='bbox 250 555 523 612; x_wconf 72' lang='lat' dir='ltr'>compararive</span> <span class='ocrx_word' id='word_1_52' title='bbox 553 555 691 611; x_wconf 88' lang='lat' dir='ltr'>possit.</span> 
     </span>
    </p>

    <p class='ocr_par' dir='ltr' id='par_1_3' title="bbox 114 619 1673 952">
     <span class='ocr_line' id='line_1_7' title="bbox 241 619 1672 679; baseline 0 -13"><span class='ocrx_word' id='word_1_53' title='bbox 241 622 351 666; x_wconf 73' lang='lat' dir='ltr'>Aelii</span> <span class='ocrx_word' id='word_1_54' title='bbox 373 620 505 679; x_wconf 75' lang='lat' dir='ltr'>Caput</span> <span class='ocrx_word' id='word_1_55' title='bbox 526 620 671 664; x_wconf 80' lang='lat' dir='ltr'><strong>XXX.</strong></span> <span class='ocrx_word' id='word_1_56' title='bbox 733 619 778 664; x_wconf 92' lang='lat' dir='ltr'>Si</span> <span class='ocrx_word' id='word_1_57' title='bbox 802 621 1051 678; x_wconf 86' lang='lat' dir='ltr'>omnipotens</span> <span class='ocrx_word' id='word_1_58' title='bbox 1080 622 1176 662; x_wconf 85' lang='lat' dir='ltr'>deus</span> <span class='ocrx_word' id='word_1_59' title='bbox 1203 628 1381 663; x_wconf 87' lang='lat' dir='ltr'>naturam</span> <span class='ocrx_word' id='word_1_60' title='bbox 1410 637 1565 665; x_wconf 91' lang='lat' dir='ltr'>omnem</span> <span class='ocrx_word' id='word_1_61' title='bbox 1600 637 1672 666; x_wconf 83' lang='lat' dir='ltr'>ex-</span> 
     </span>
     <span class='ocr_line' id='line_1_8' title="bbox 126 688 1672 748; baseline 0 -14"><span class='ocrx_word' id='word_1_62' title='bbox 126 690 257 744; x_wconf 65' lang='lat' dir='ltr'>eellit,</span> <span class='ocrx_word' id='word_1_63' title='bbox 303 705 353 734; x_wconf 85' lang='lat' dir='ltr'>eo</span> <span class='ocrx_word' id='word_1_64' title='bbox 391 691 501 748; x_wconf 81' lang='lat' dir='ltr'>ipso,</span> <span class='ocrx_word' id='word_1_65' title='bbox 547 691 650 746; x_wconf 86' lang='lat' dir='ltr'>quod</span> <span class='ocrx_word' id='word_1_66' title='bbox 684 690 882 746; x_wconf 87' lang='lat' dir='ltr'>ingenitus</span> <span class='ocrx_word' id='word_1_67' title='bbox 918 696 1003 741; x_wconf 88' lang='lat' dir='ltr'>est,</span> <span class='ocrx_word' id='word_1_68' title='bbox 1051 689 1228 730; x_wconf 84' lang='lat' dir='ltr'>excellit.</span> <span class='ocrx_word' id='word_1_69' title='bbox 1299 688 1412 744; x_wconf 86' lang='lat' dir='ltr'>Quae</span> <span class='ocrx_word' id='word_1_70' title='bbox 1454 693 1672 748; x_wconf 74' lang='lat' dir='ltr'>proprietas</span> 
     </span>
     <span class='ocr_line' id='line_1_9' title="bbox 127 757 1671 815; baseline 0 -12"><span class='ocrx_word' id='word_1_71' title='bbox 127 771 272 803; x_wconf 59' lang='lat' dir='ltr'>aas·</span> <span class='ocrx_word' id='word_1_72' title='bbox 292 766 356 802; x_wconf 84' lang='lat' dir='ltr'>est</span> <span class='ocrx_word' id='word_1_73' title='bbox 374 759 519 815; x_wconf 70' lang='lat' dir='ltr'>genitis</span> <span class='ocrx_word' id='word_1_74' title='bbox 535 759 715 800; x_wconf 89' lang='lat' dir='ltr'>omnibus</span> <span class='ocrx_word' id='word_1_75' title='bbox 732 757 985 800; x_wconf 75' lang='lat' dir='ltr'>stabilitatem</span> <span class='ocrx_word' id='word_1_76' title='bbox 1003 757 1342 813; x_wconf 82' lang='lat' dir='ltr'>constantiamque</span> <span class='ocrx_word' id='word_1_77' title='bbox 1364 759 1554 802; x_wconf 84' lang='lat' dir='ltr'>tribuens.</span> <span class='ocrx_word' id='word_1_78' title='bbox 1599 759 1671 803; x_wconf 89' lang='lat' dir='ltr'>Sin</span> 
     </span>
     <span class='ocr_line' id='line_1_10' title="bbox 114 825 1673 884; baseline 0.001 -14"><span class='ocrx_word' id='word_1_79' title='bbox 114 828 258 871; x_wconf 64' lang='lat' dir='ltr'>&#39;anb-</span> <span class='ocrx_word' id='word_1_80' title='bbox 278 827 496 883; x_wconf 66' lang='lat' dir='ltr'>ingenitu-</span> <span class='ocrx_word' id='word_1_81' title='bbox 518 827 776 870; x_wconf 85' lang='lat' dir='ltr'>substantiam</span> <span class='ocrx_word' id='word_1_82' title='bbox 798 841 875 868; x_wconf 90' lang='lat' dir='ltr'>non</span> <span class='ocrx_word' id='word_1_83' title='bbox 896 825 1098 882; x_wconf 78' lang='lat' dir='ltr'>exprimit,</span> <span class='ocrx_word' id='word_1_84' title='bbox 1131 840 1153 867; x_wconf 83' lang='lat' dir='ltr'>a</span> <span class='ocrx_word' id='word_1_85' title='bbox 1175 840 1251 881; x_wconf 89' lang='lat' dir='ltr'>qno</span> <span class='ocrx_word' id='word_1_86' title='bbox 1276 827 1430 869; x_wconf 86' lang='lat' dir='ltr'>tandem</span> <span class='ocrx_word' id='word_1_87' title='bbox 1453 828 1673 884; x_wconf 86' lang='lat' dir='ltr'>genitarum</span> 
     </span>
     <span class='ocr_line' id='line_1_11' title="bbox 123 894 1142 952; baseline -0.004 -13"><span class='ocrx_word' id='word_1_88' title='bbox 123 908 264 939; x_wconf 62' lang='lat' dir='ltr'>rerum</span> <span class='ocrx_word' id='word_1_89' title='bbox 292 903 435 938; x_wconf 76' lang='lat' dir='ltr'>natura</span> <span class='ocrx_word' id='word_1_90' title='bbox 462 896 631 952; x_wconf 77' lang='lat' dir='ltr'>seipsam</span> <span class='ocrx_word' id='word_1_91' title='bbox 664 903 705 936; x_wconf 89' lang='lat' dir='ltr'>ut</span> <span class='ocrx_word' id='word_1_92' title='bbox 734 901 946 937; x_wconf 86' lang='lat' dir='ltr'>conservet</span> <span class='ocrx_word' id='word_1_93' title='bbox 974 894 1142 950; x_wconf 75' lang='lat' dir='ltr'>accipit?</span> 
     </span>
    </p>

    <p class='ocr_par' dir='ltr' id='par_1_4' title="bbox 123 961 1679 2591">
     <span class='ocr_line' id='line_1_12' title="bbox 134 961 1672 1018; baseline 0.001 -11"><span class='ocrx_word' id='word_1_94' title='bbox 134 1010 137 1012; x_wconf 70' lang='grc'>,</span> <span class='ocrx_word' id='word_1_95' title='bbox 237 961 408 1008; x_wconf 76' lang='lat' dir='ltr'>Confnt.</span> <span class='ocrx_word' id='word_1_96' title='bbox 438 961 584 1006; x_wconf 81' lang='lat' dir='ltr'><strong>XXX.</strong></span> <span class='ocrx_word' id='word_1_97' title='bbox 646 961 744 1005; x_wconf 88' lang='lat' dir='ltr'>lllud</span> <span class='ocrx_word' id='word_1_98' title='bbox 770 962 930 1004; x_wconf 90' lang='lat' dir='ltr'>omnino</span> <span class='ocrx_word' id='word_1_99' title='bbox 954 963 1159 1004; x_wconf 88' lang='lat' dir='ltr'>dicendum</span> <span class='ocrx_word' id='word_1_100' title='bbox 1190 977 1236 1005; x_wconf 91' lang='lat' dir='ltr'>ac</span> <span class='ocrx_word' id='word_1_101' title='bbox 1257 964 1452 1006; x_wconf 77' lang='lat' dir='ltr'>fatendum</span> <span class='ocrx_word' id='word_1_102' title='bbox 1476 973 1560 1018; x_wconf 85' lang='lat' dir='ltr'>est,</span> <span class='ocrx_word' id='word_1_103' title='bbox 1603 967 1672 1008; x_wconf 87' lang='lat' dir='ltr'>ita-</span> 
     </span>
     <span class='ocr_line' id='line_1_13' title="bbox 123 1032 1673 1090; baseline 0.001 -15"><span class='ocrx_word' id='word_1_104' title='bbox 123 1043 207 1090; x_wconf 67' lang='lat' dir='ltr'>q.</span> <span class='ocrx_word' id='word_1_105' title='bbox 227 1033 463 1084; x_wconf 65' lang='lat' dir='ltr'>uamdam,</span> <span class='ocrx_word' id='word_1_106' title='bbox 508 1032 815 1088; x_wconf 72' lang='lat' dir='ltr'>omnipotentem</span> <span class='ocrx_word' id='word_1_107' title='bbox 841 1032 955 1072; x_wconf 88' lang='lat' dir='ltr'>deum</span> <span class='ocrx_word' id='word_1_108' title='bbox 989 1037 1167 1073; x_wconf 81' lang='lat' dir='ltr'>naturam</span> <span class='ocrx_word' id='word_1_109' title='bbox 1198 1045 1353 1074; x_wconf 88' lang='lat' dir='ltr'>omnem</span> <span class='ocrx_word' id='word_1_110' title='bbox 1385 1034 1607 1084; x_wconf 84' lang='lat' dir='ltr'>excellere,</span> <span class='ocrx_word' id='word_1_111' title='bbox 1651 1050 1673 1076; x_wconf 91' lang='lat' dir='ltr'>a</span> 
     </span>
     <span class='ocr_line' id='line_1_14' title="bbox 130 1099 1673 1158; baseline 0.001 -16"><span class='ocrx_word' id='word_1_112' title='bbox 130 1114 213 1158; x_wconf 60' lang='grc' dir='ltr'>φο</span> <span class='ocrx_word' id='word_1_113' title='bbox 235 1101 460 1157; x_wconf 70' lang='lat' dir='ltr'>unigenitus</span> <span class='ocrx_word' id='word_1_114' title='bbox 490 1100 588 1142; x_wconf 82' lang='lat' dir='ltr'>deus</span> <span class='ocrx_word' id='word_1_115' title='bbox 617 1114 664 1142; x_wconf 86' lang='lat' dir='ltr'>ac</span> <span class='ocrx_word' id='word_1_116' title='bbox 685 1099 870 1151; x_wconf 87' lang='lat' dir='ltr'>verbum,</span> <span class='ocrx_word' id='word_1_117' title='bbox 915 1099 1076 1155; x_wconf 85' lang='lat' dir='ltr'>eiusque</span> <span class='ocrx_word' id='word_1_118' title='bbox 1108 1099 1269 1156; x_wconf 89' lang='lat' dir='ltr'>spiritus</span> <span class='ocrx_word' id='word_1_119' title='bbox 1299 1108 1458 1142; x_wconf 86' lang='lat' dir='ltr'>sauctus</span> <span class='ocrx_word' id='word_1_120' title='bbox 1490 1102 1673 1144; x_wconf 82' lang='lat' dir='ltr'>ineffabili</span> 
     </span>
     <span class='ocr_line' id='line_1_15' title="bbox 135 1165 1675 1225; baseline 0 -13"><span class='ocrx_word' id='word_1_121' title='bbox 135 1168 303 1225; x_wconf 65' lang='lat' dir='ltr'>q-hm</span> <span class='ocrx_word' id='word_1_122' title='bbox 336 1169 489 1211; x_wconf 88' lang='lat' dir='ltr'>ratione</span> <span class='ocrx_word' id='word_1_123' title='bbox 525 1168 733 1224; x_wconf 89' lang='lat' dir='ltr'>processit.</span> <span class='ocrx_word' id='word_1_124' title='bbox 808 1165 937 1222; x_wconf 80' lang='lat' dir='ltr'>Quam</span> <span class='ocrx_word' id='word_1_125' title='bbox 970 1167 1019 1209; x_wconf 89' lang='lat' dir='ltr'>ob</span> <span class='ocrx_word' id='word_1_126' title='bbox 1053 1181 1232 1210; x_wconf 81' lang='lat' dir='ltr'>caussam</span> <span class='ocrx_word' id='word_1_127' title='bbox 1272 1175 1384 1211; x_wconf 85' lang='lat' dir='ltr'>caute</span> <span class='ocrx_word' id='word_1_128' title='bbox 1420 1183 1468 1211; x_wconf 86' lang='lat' dir='ltr'>ac</span> <span class='ocrx_word' id='word_1_129' title='bbox 1508 1170 1675 1213; x_wconf 88' lang='lat' dir='ltr'>circum·-</span> 
     </span>
     <span class='ocr_line' id='line_1_16' title="bbox 132 1235 1675 1293; baseline 0.001 -14"><span class='ocrx_word' id='word_1_130' title='bbox 132 1242 271 1293; x_wconf 60' lang='lat' dir='ltr'>qaeu</span> <span class='ocrx_word' id='word_1_131' title='bbox 292 1243 501 1279; x_wconf 70' lang='lat' dir='ltr'>creaturae</span> <span class='ocrx_word' id='word_1_132' title='bbox 526 1236 699 1278; x_wconf 69' lang='lat' dir='ltr'>divinum</span> <span class='ocrx_word' id='word_1_133' title='bbox 731 1236 918 1278; x_wconf 89' lang='lat' dir='ltr'>bonorem</span> <span class='ocrx_word' id='word_1_134' title='bbox 953 1250 1031 1278; x_wconf 88' lang='lat' dir='ltr'>non</span> <span class='ocrx_word' id='word_1_135' title='bbox 1056 1235 1338 1288; x_wconf 80' lang='lat' dir='ltr'>adscribimus,</span> <span class='ocrx_word' id='word_1_136' title='bbox 1385 1251 1435 1280; x_wconf 89' lang='lat' dir='ltr'>ne</span> <span class='ocrx_word' id='word_1_137' title='bbox 1456 1239 1675 1281; x_wconf 78' lang='lat' dir='ltr'>stultissimi</span> 
     </span>
     <span class='ocr_line' id='line_1_17' title="bbox 131 1304 1674 1363; baseline 0.001 -15"><span class='ocrx_word' id='word_1_138' title='bbox 131 1305 366 1357; x_wconf 69' lang='lat' dir='ltr'>radda-nr,</span> <span class='ocrx_word' id='word_1_139' title='bbox 398 1305 467 1346; x_wconf 81' lang='lat' dir='ltr'>aed</span> <span class='ocrx_word' id='word_1_140' title='bbox 488 1304 726 1356; x_wconf 82' lang='lat' dir='ltr'>trinitatem,</span> <span class='ocrx_word' id='word_1_141' title='bbox 759 1318 859 1360; x_wconf 86' lang='lat' dir='ltr'>quae</span> <span class='ocrx_word' id='word_1_142' title='bbox 881 1311 1059 1346; x_wconf 90' lang='lat' dir='ltr'>naturam</span> <span class='ocrx_word' id='word_1_143' title='bbox 1083 1319 1237 1347; x_wconf 88' lang='lat' dir='ltr'>omnem</span> <span class='ocrx_word' id='word_1_144' title='bbox 1260 1314 1443 1361; x_wconf 77' lang='lat' dir='ltr'>superat,</span> <span class='ocrx_word' id='word_1_145' title='bbox 1474 1309 1674 1363; x_wconf 84' lang='lat' dir='ltr'>praedica-</span> 
     </span>
     <span class='ocr_line' id='line_1_18' title="bbox 130 1373 1675 1430; baseline 0.003 -15"><span class='ocrx_word' id='word_1_146' title='bbox 130 1385 242 1426; x_wconf 61' lang='grc' dir='ltr'>ιη,</span> <span class='ocrx_word' id='word_1_147' title='bbox 273 1373 391 1416; x_wconf 69' lang='lat' dir='ltr'>fllium</span> <span class='ocrx_word' id='word_1_148' title='bbox 412 1386 499 1414; x_wconf 88' lang='lat' dir='ltr'>oum</span> <span class='ocrx_word' id='word_1_149' title='bbox 522 1380 657 1429; x_wconf 90' lang='lat' dir='ltr'>patre,</span> <span class='ocrx_word' id='word_1_150' title='bbox 689 1380 731 1415; x_wconf 90' lang='lat' dir='ltr'>et</span> <span class='ocrx_word' id='word_1_151' title='bbox 755 1373 878 1429; x_wconf 89' lang='lat' dir='ltr'>ipsius</span> <span class='ocrx_word' id='word_1_152' title='bbox 897 1380 1075 1415; x_wconf 85' lang='lat' dir='ltr'>sanctum</span> <span class='ocrx_word' id='word_1_153' title='bbox 1091 1373 1295 1429; x_wconf 77' lang='lat' dir='ltr'>spiritum3</span> <span class='ocrx_word' id='word_1_154' title='bbox 1327 1388 1375 1415; x_wconf 91' lang='lat' dir='ltr'>eo</span> <span class='ocrx_word' id='word_1_155' title='bbox 1395 1376 1496 1430; x_wconf 89' lang='lat' dir='ltr'>quod</span> <span class='ocrx_word' id='word_1_156' title='bbox 1522 1390 1546 1418; x_wconf 84' lang='lat' dir='ltr'>a</span> <span class='ocrx_word' id='word_1_157' title='bbox 1569 1377 1675 1419; x_wconf 88' lang='lat' dir='ltr'>nullo</span> 
     </span>
     <span class='ocr_line' id='line_1_19' title="bbox 131 1440 1676 1501; baseline 0.002 -17"><span class='ocrx_word' id='word_1_158' title='bbox 131 1441 261 1484; x_wconf 62' lang='lat' dir='ltr'>‘aetna</span> <span class='ocrx_word' id='word_1_159' title='bbox 283 1449 352 1484; x_wconf 84' lang='lat' dir='ltr'>aut</span> <span class='ocrx_word' id='word_1_160' title='bbox 372 1447 529 1484; x_wconf 83' lang='lat' dir='ltr'>creatus</span> <span class='ocrx_word' id='word_1_161' title='bbox 551 1442 618 1483; x_wconf 86' lang='lat' dir='ltr'>sit.</span> <span class='ocrx_word' id='word_1_162' title='bbox 678 1440 838 1483; x_wconf 84' lang='lat' dir='ltr'>Etenim</span> <span class='ocrx_word' id='word_1_163' title='bbox 868 1455 1109 1497; x_wconf 74' lang='lat' dir='ltr'>nequaquam</span> <span class='ocrx_word' id='word_1_164' title='bbox 1140 1442 1320 1484; x_wconf 88' lang='lat' dir='ltr'>diversae</span> <span class='ocrx_word' id='word_1_165' title='bbox 1348 1449 1513 1486; x_wconf 83' lang='lat' dir='ltr'>naturae</span> <span class='ocrx_word' id='word_1_166' title='bbox 1538 1444 1676 1501; x_wconf 84' lang='lat' dir='ltr'>unige-</span> 
     </span>
     <span class='ocr_line' id='line_1_20' title="bbox 129 1509 1675 1566; baseline 0.003 -13"><span class='ocrx_word' id='word_1_167' title='bbox 129 1509 240 1553; x_wconf 69' lang='lat' dir='ltr'>an-</span> <span class='ocrx_word' id='word_1_168' title='bbox 255 1516 346 1562; x_wconf 84' lang='lat' dir='ltr'>eat,</span> <span class='ocrx_word' id='word_1_169' title='bbox 377 1516 445 1551; x_wconf 86' lang='lat' dir='ltr'>ant</span> <span class='ocrx_word' id='word_1_170' title='bbox 465 1516 626 1551; x_wconf 87' lang='lat' dir='ltr'>sanctus</span> <span class='ocrx_word' id='word_1_171' title='bbox 646 1509 833 1566; x_wconf 87' lang='lat' dir='ltr'>spiritus,</span> <span class='ocrx_word' id='word_1_172' title='bbox 875 1510 945 1552; x_wconf 92' lang='lat' dir='ltr'>sed</span> <span class='ocrx_word' id='word_1_173' title='bbox 966 1511 1062 1552; x_wconf 84' lang='lat' dir='ltr'>deus</span> <span class='ocrx_word' id='word_1_174' title='bbox 1083 1523 1138 1551; x_wconf 78' lang='lat' dir='ltr'>ex</span> <span class='ocrx_word' id='word_1_175' title='bbox 1158 1510 1254 1562; x_wconf 90' lang='lat' dir='ltr'>deo,</span> <span class='ocrx_word' id='word_1_176' title='bbox 1286 1511 1416 1553; x_wconf 89' lang='lat' dir='ltr'>lumen</span> <span class='ocrx_word' id='word_1_177' title='bbox 1443 1512 1491 1554; x_wconf 90' lang='lat' dir='ltr'>de</span> <span class='ocrx_word' id='word_1_178' title='bbox 1514 1513 1675 1556; x_wconf 84' lang='lat' dir='ltr'>lumine.</span> 
     </span>
     <span class='ocr_line' id='line_1_21' title="bbox 134 1574 1676 1638; baseline 0.003 -18"><span class='ocrx_word' id='word_1_179' title='bbox 134 1574 360 1633; x_wconf 76' lang='lat' dir='ltr'>Quinetiam</span> <span class='ocrx_word' id='word_1_180' title='bbox 385 1592 471 1620; x_wconf 91' lang='lat' dir='ltr'>cnm</span> <span class='ocrx_word' id='word_1_181' title='bbox 494 1577 750 1633; x_wconf 83' lang='lat' dir='ltr'>omnipotenti</span> <span class='ocrx_word' id='word_1_182' title='bbox 773 1585 882 1634; x_wconf 86' lang='lat' dir='ltr'>patre</span> <span class='ocrx_word' id='word_1_183' title='bbox 905 1578 1130 1633; x_wconf 80' lang='lat' dir='ltr'>unigenitus</span> <span class='ocrx_word' id='word_1_184' title='bbox 1149 1578 1232 1635; x_wconf 86' lang='lat' dir='ltr'>ipse</span> <span class='ocrx_word' id='word_1_185' title='bbox 1256 1579 1481 1622; x_wconf 91' lang='lat' dir='ltr'>nominatur</span> <span class='ocrx_word' id='word_1_186' title='bbox 1500 1582 1676 1638; x_wconf 88' lang='lat' dir='ltr'>omnipo-</span> 
     </span>
     <span class='ocr_line' id='line_1_22' title="bbox 134 1645 1677 1703; baseline 0.002 -14"><span class='ocrx_word' id='word_1_187' title='bbox 134 1652 246 1699; x_wconf 64' lang='lat' dir='ltr'>uns,</span> <span class='ocrx_word' id='word_1_188' title='bbox 286 1652 330 1688; x_wconf 89' lang='lat' dir='ltr'>nt</span> <span class='ocrx_word' id='word_1_189' title='bbox 360 1646 506 1688; x_wconf 87' lang='lat' dir='ltr'>diserte</span> <span class='ocrx_word' id='word_1_190' title='bbox 530 1646 726 1702; x_wconf 87' lang='lat' dir='ltr'>scriptura</span> <span class='ocrx_word' id='word_1_191' title='bbox 755 1660 868 1688; x_wconf 86' lang='lat' dir='ltr'>sacra</span> <span class='ocrx_word' id='word_1_192' title='bbox 895 1646 1081 1688; x_wconf 87' lang='lat' dir='ltr'>declarat.</span> <span class='ocrx_word' id='word_1_193' title='bbox 1142 1645 1378 1703; x_wconf 85' lang='lat' dir='ltr'>Unigenitus</span> <span class='ocrx_word' id='word_1_194' title='bbox 1399 1649 1502 1690; x_wconf 90' lang='lat' dir='ltr'>enim</span> <span class='ocrx_word' id='word_1_195' title='bbox 1534 1650 1629 1692; x_wconf 87' lang='lat' dir='ltr'>nibil</span> <span class='ocrx_word' id='word_1_196' title='bbox 1655 1666 1677 1693; x_wconf 90' lang='lat' dir='ltr'>a</span> 
     </span>
     <span class='ocr_line' id='line_1_23' title="bbox 133 1714 1676 1774; baseline 0.003 -17"><span class='ocrx_word' id='word_1_197' title='bbox 133 1714 255 1771; x_wconf 72' lang='lat' dir='ltr'>patris</span> <span class='ocrx_word' id='word_1_198' title='bbox 286 1715 492 1757; x_wconf 85' lang='lat' dir='ltr'>maiestate</span> <span class='ocrx_word' id='word_1_199' title='bbox 528 1714 747 1770; x_wconf 85' lang='lat' dir='ltr'>discrepat,</span> <span class='ocrx_word' id='word_1_200' title='bbox 789 1715 859 1756; x_wconf 87' lang='lat' dir='ltr'>sed</span> <span class='ocrx_word' id='word_1_201' title='bbox 884 1715 1043 1756; x_wconf 91' lang='lat' dir='ltr'>omnino</span> <span class='ocrx_word' id='word_1_202' title='bbox 1075 1716 1270 1770; x_wconf 86' lang='lat' dir='ltr'>congruit.</span> <span class='ocrx_word' id='word_1_203' title='bbox 1332 1715 1447 1772; x_wconf 85' lang='lat' dir='ltr'>Quod</span> <span class='ocrx_word' id='word_1_204' title='bbox 1474 1720 1676 1774; x_wconf 84' lang='lat' dir='ltr'>expressis</span> 
     </span>
     <span class='ocr_line' id='line_1_24' title="bbox 131 1782 1677 1839; baseline 0.003 -14"><span class='ocrx_word' id='word_1_205' title='bbox 131 1782 266 1826; x_wconf 73' lang='lat' dir='ltr'>verbi·</span> <span class='ocrx_word' id='word_1_206' title='bbox 289 1789 456 1825; x_wconf 83' lang='lat' dir='ltr'>testatur</span> <span class='ocrx_word' id='word_1_207' title='bbox 476 1783 702 1839; x_wconf 65' lang='lat' dir='ltr'>apostolus,</span> <span class='ocrx_word' id='word_1_208' title='bbox 744 1782 807 1838; x_wconf 91' lang='lat' dir='ltr'>qui</span> <span class='ocrx_word' id='word_1_209' title='bbox 831 1783 970 1839; x_wconf 89' lang='lat' dir='ltr'>spiritu</span> <span class='ocrx_word' id='word_1_210' title='bbox 994 1790 1132 1825; x_wconf 84' lang='lat' dir='ltr'>sancto</span> <span class='ocrx_word' id='word_1_211' title='bbox 1161 1783 1312 1825; x_wconf 87' lang='lat' dir='ltr'>afflatus</span> <span class='ocrx_word' id='word_1_212' title='bbox 1337 1785 1386 1826; x_wconf 89' lang='lat' dir='ltr'>de</span> <span class='ocrx_word' id='word_1_213' title='bbox 1408 1784 1598 1829; x_wconf 75' lang='lat' dir='ltr'>lsrae&#39;litis</span> <span class='ocrx_word' id='word_1_214' title='bbox 1623 1788 1677 1829; x_wconf 86' lang='lat' dir='ltr'>ita</span> 
     </span>
     <span class='ocr_line' id='line_1_25' title="bbox 133 1849 1675 1910; baseline 0.002 -17"><span class='ocrx_word' id='word_1_215' title='bbox 133 1849 328 1907; x_wconf 72' lang='lat' dir='ltr'>loquitur:</span> <span class='ocrx_word' id='word_1_216' title='bbox 358 1853 545 1903; x_wconf 80' lang='lat' dir='ltr'>Quorum,</span> <span class='ocrx_word' id='word_1_217' title='bbox 579 1851 724 1907; x_wconf 89' lang='lat' dir='ltr'>inquit,</span> <span class='ocrx_word' id='word_1_218' title='bbox 757 1854 905 1900; x_wconf 79' lang='lat' dir='ltr'>culeus,</span> <span class='ocrx_word' id='word_1_219' title='bbox 937 1860 977 1892; x_wconf 84' lang='lat' dir='ltr'>ee</span> <span class='ocrx_word' id='word_1_220' title='bbox 994 1859 1234 1901; x_wconf 77' lang='lat' dir='ltr'>testamenta,</span> <span class='ocrx_word' id='word_1_221' title='bbox 1268 1861 1308 1892; x_wconf 86' lang='lat' dir='ltr'>et</span> <span class='ocrx_word' id='word_1_222' title='bbox 1322 1861 1475 1906; x_wconf 76' lang='lat' dir='ltr'>patres,</span> <span class='ocrx_word' id='word_1_223' title='bbox 1521 1871 1571 1895; x_wconf 72' lang='lat' dir='ltr'>ex</span> <span class='ocrx_word' id='word_1_224' title='bbox 1591 1860 1675 1910; x_wconf 78' lang='lat' dir='ltr'>qui-</span> 
     </span>
     <span class='ocr_line' id='line_1_26' title="bbox 132 1917 1677 1974; baseline 0.003 -14"><span class='ocrx_word' id='word_1_225' title='bbox 132 1917 206 1960; x_wconf 58' lang='lat' dir='ltr'>l&amp;</span> <span class='ocrx_word' id='word_1_226' title='bbox 225 1920 405 1961; x_wconf 62' lang='lat' dir='ltr'>cunm</span> <span class='ocrx_word' id='word_1_227' title='bbox 422 1922 625 1961; x_wconf 69' lang='lat' dir='ltr'>100an</span> <span class='ocrx_word' id='word_1_228' title='bbox 644 1934 810 1969; x_wconf 75' lang='lat' dir='ltr'>earnem,</span> <span class='ocrx_word' id='word_1_229' title='bbox 843 1923 913 1974; x_wconf 70' lang='lat' dir='ltr'>qui</span> <span class='ocrx_word' id='word_1_230' title='bbox 928 1928 986 1961; x_wconf 85' lang='lat' dir='ltr'>est</span> <span class='ocrx_word' id='word_1_231' title='bbox 1007 1934 1122 1974; x_wconf 78' lang='lat' dir='ltr'>super</span> <span class='ocrx_word' id='word_1_232' title='bbox 1145 1924 1268 1962; x_wconf 63' lang='lat' dir='ltr'>omnen</span> <span class='ocrx_word' id='word_1_233' title='bbox 1291 1923 1383 1969; x_wconf 75' lang='lat' dir='ltr'>deus</span> <span class='ocrx_word' id='word_1_234' title='bbox 1403 1923 1617 1964; x_wconf 56' lang='lat' dir='ltr'>benedeztus</span> <span class='ocrx_word' id='word_1_235' title='bbox 1638 1928 1677 1965; x_wconf 85' lang='lat' dir='ltr'>in</span> 
     </span>
     <span class='ocr_line' id='line_1_27' title="bbox 123 1985 1675 2041; baseline 0.004 -13"><span class='ocrx_word' id='word_1_236' title='bbox 123 1988 308 2035; x_wconf 64' lang='lat' dir='ltr'>anub,</span> <span class='ocrx_word' id='word_1_237' title='bbox 352 1990 490 2029; x_wconf 69' lang='lat' dir='ltr'>Am.</span> <span class='ocrx_word' id='word_1_238' title='bbox 552 1985 616 2031; x_wconf 80' lang='lat' dir='ltr'>Ob</span> <span class='ocrx_word' id='word_1_239' title='bbox 636 1987 675 2029; x_wconf 93' lang='lat' dir='ltr'>id</span> <span class='ocrx_word' id='word_1_240' title='bbox 703 1995 744 2031; x_wconf 88' lang='lat' dir='ltr'>et</span> <span class='ocrx_word' id='word_1_241' title='bbox 769 1989 992 2031; x_wconf 86' lang='lat' dir='ltr'>adorandus</span> <span class='ocrx_word' id='word_1_242' title='bbox 1013 1989 1155 2031; x_wconf 87' lang='lat' dir='ltr'>unicus</span> <span class='ocrx_word' id='word_1_243' title='bbox 1176 1989 1237 2031; x_wconf 90' lang='lat' dir='ltr'>dei</span> <span class='ocrx_word' id='word_1_244' title='bbox 1260 1989 1361 2032; x_wconf 86' lang='lat' dir='ltr'>lilius</span> <span class='ocrx_word' id='word_1_245' title='bbox 1383 1997 1466 2041; x_wconf 88' lang='lat' dir='ltr'>est,</span> <span class='ocrx_word' id='word_1_246' title='bbox 1512 1998 1553 2033; x_wconf 88' lang='lat' dir='ltr'>et</span> <span class='ocrx_word' id='word_1_247' title='bbox 1574 1991 1675 2035; x_wconf 87' lang='lat' dir='ltr'>idem</span> 
     </span>
     <span class='ocr_line' id='line_1_28' title="bbox 130 2053 1676 2114; baseline 0.004 -17"><span class='ocrx_word' id='word_1_248' title='bbox 130 2053 233 2097; x_wconf 69' lang='lat' dir='ltr'>dens</span> <span class='ocrx_word' id='word_1_249' title='bbox 256 2060 298 2096; x_wconf 88' lang='lat' dir='ltr'>et</span> <span class='ocrx_word' id='word_1_250' title='bbox 317 2054 474 2097; x_wconf 81' lang='lat' dir='ltr'>divinus</span> <span class='ocrx_word' id='word_1_251' title='bbox 494 2055 654 2111; x_wconf 77' lang='lat' dir='ltr'>spiritus</span> <span class='ocrx_word' id='word_1_252' title='bbox 676 2063 763 2109; x_wconf 86' lang='lat' dir='ltr'>est,</span> <span class='ocrx_word' id='word_1_253' title='bbox 801 2064 962 2100; x_wconf 82' lang='lat' dir='ltr'>sanctus</span> <span class='ocrx_word' id='word_1_254' title='bbox 984 2056 1170 2113; x_wconf 84' lang='lat' dir='ltr'>spiritus,</span> <span class='ocrx_word' id='word_1_255' title='bbox 1217 2065 1257 2099; x_wconf 88' lang='lat' dir='ltr'>et</span> <span class='ocrx_word' id='word_1_256' title='bbox 1276 2066 1363 2114; x_wconf 90' lang='lat' dir='ltr'>post</span> <span class='ocrx_word' id='word_1_257' title='bbox 1383 2068 1676 2103; x_wconf 84' lang='lat' dir='ltr'>sacrosanctam</span> 
     </span>
     <span class='ocr_line' id='line_1_29' title="bbox 130 2121 1678 2182; baseline 0.004 -17"><span class='ocrx_word' id='word_1_258' title='bbox 130 2121 349 2167; x_wconf 60' lang='lat' dir='ltr'>affinitatem</span> <span class='ocrx_word' id='word_1_259' title='bbox 368 2123 497 2165; x_wconf 79' lang='lat' dir='ltr'>nullus</span> <span class='ocrx_word' id='word_1_260' title='bbox 520 2123 621 2166; x_wconf 87' lang='lat' dir='ltr'>alius</span> <span class='ocrx_word' id='word_1_261' title='bbox 642 2124 738 2166; x_wconf 84' lang='lat' dir='ltr'>dens</span> <span class='ocrx_word' id='word_1_262' title='bbox 758 2132 835 2167; x_wconf 83' lang='lat' dir='ltr'>est.</span> <span class='ocrx_word' id='word_1_263' title='bbox 898 2123 1024 2181; x_wconf 79' lang='lat' dir='ltr'>igitur</span> <span class='ocrx_word' id='word_1_264' title='bbox 1041 2125 1288 2182; x_wconf 88' lang='lat' dir='ltr'>omnipotens</span> <span class='ocrx_word' id='word_1_265' title='bbox 1314 2134 1447 2182; x_wconf 85' lang='lat' dir='ltr'>pater,</span> <span class='ocrx_word' id='word_1_266' title='bbox 1480 2135 1520 2170; x_wconf 91' lang='lat' dir='ltr'>et</span> <span class='ocrx_word' id='word_1_267' title='bbox 1541 2129 1678 2171; x_wconf 85' lang='lat' dir='ltr'>unicus</span> 
     </span>
     <span class='ocr_line' id='line_1_30' title="bbox 133 2189 1679 2253; baseline 0.003 -18"><span class='ocrx_word' id='word_1_268' title='bbox 133 2189 260 2248; x_wconf 61' lang='lat' dir='ltr'>ipius</span> <span class='ocrx_word' id='word_1_269' title='bbox 290 2190 392 2233; x_wconf 84' lang='lat' dir='ltr'>lilius</span> <span class='ocrx_word' id='word_1_270' title='bbox 427 2198 615 2247; x_wconf 85' lang='lat' dir='ltr'>paternae</span> <span class='ocrx_word' id='word_1_271' title='bbox 650 2192 828 2248; x_wconf 76' lang='lat' dir='ltr'>dignitati</span> <span class='ocrx_word' id='word_1_272' title='bbox 860 2207 1107 2250; x_wconf 77' lang='lat' dir='ltr'>congruens,</span> <span class='ocrx_word' id='word_1_273' title='bbox 1151 2194 1215 2250; x_wconf 84' lang='lat' dir='ltr'>qui</span> <span class='ocrx_word' id='word_1_274' title='bbox 1242 2196 1359 2237; x_wconf 77' lang='lat' dir='ltr'>futuri</span> <span class='ocrx_word' id='word_1_275' title='bbox 1393 2197 1541 2238; x_wconf 86' lang='lat' dir='ltr'>saeculi</span> <span class='ocrx_word' id='word_1_276' title='bbox 1569 2204 1679 2253; x_wconf 87' lang='lat' dir='ltr'>pater</span> 
     </span>
     <span class='ocr_line' id='line_1_31' title="bbox 130 2258 1676 2317; baseline 0.003 -15"><span class='ocrx_word' id='word_1_277' title='bbox 130 2258 378 2316; x_wconf 70' lang='lat' dir='ltr'>appellatur,</span> <span class='ocrx_word' id='word_1_278' title='bbox 419 2259 562 2315; x_wconf 85' lang='lat' dir='ltr'>quique</span> <span class='ocrx_word' id='word_1_279' title='bbox 586 2274 672 2302; x_wconf 81' lang='lat' dir='ltr'>cum</span> <span class='ocrx_word' id='word_1_280' title='bbox 703 2268 842 2303; x_wconf 85' lang='lat' dir='ltr'>sancto</span> <span class='ocrx_word' id='word_1_281' title='bbox 870 2261 1010 2317; x_wconf 84' lang='lat' dir='ltr'>spiritu</span> <span class='ocrx_word' id='word_1_282' title='bbox 1034 2262 1138 2304; x_wconf 84' lang='lat' dir='ltr'>nulla</span> <span class='ocrx_word' id='word_1_283' title='bbox 1164 2262 1452 2306; x_wconf 84' lang='lat' dir='ltr'>interveniente</span> <span class='ocrx_word' id='word_1_284' title='bbox 1476 2265 1676 2307; x_wconf 85' lang='lat' dir='ltr'>creatione</span> 
     </span>
     <span class='ocr_line' id='line_1_32' title="bbox 133 2327 1676 2388; baseline 0.003 -17"><span class='ocrx_word' id='word_1_285' title='bbox 133 2327 346 2379; x_wconf 69' lang='lat' dir='ltr'>anve-it,</span> <span class='ocrx_word' id='word_1_286' title='bbox 378 2327 534 2369; x_wconf 85' lang='lat' dir='ltr'>trinitas</span> <span class='ocrx_word' id='word_1_287' title='bbox 559 2334 621 2371; x_wconf 81' lang='lat' dir='ltr'>eat</span> <span class='ocrx_word' id='word_1_288' title='bbox 644 2329 836 2382; x_wconf 76' lang='lat' dir='ltr'>patefacta</span> <span class='ocrx_word' id='word_1_289' title='bbox 863 2329 1065 2381; x_wconf 77' lang='lat' dir='ltr'>omnibus,</span> <span class='ocrx_word' id='word_1_290' title='bbox 1099 2337 1139 2372; x_wconf 89' lang='lat' dir='ltr'>et</span> <span class='ocrx_word' id='word_1_291' title='bbox 1161 2331 1342 2387; x_wconf 83' lang='lat' dir='ltr'>cognita,</span> <span class='ocrx_word' id='word_1_292' title='bbox 1375 2346 1396 2373; x_wconf 88' lang='lat' dir='ltr'>a</span> <span class='ocrx_word' id='word_1_293' title='bbox 1419 2346 1496 2388; x_wconf 81' lang='lat' dir='ltr'>qua</span> <span class='ocrx_word' id='word_1_294' title='bbox 1520 2340 1676 2375; x_wconf 88' lang='lat' dir='ltr'>creatae</span> 
     </span>
     <span class='ocr_line' id='line_1_33' title="bbox 134 2397 1676 2456; baseline 0.003 -17"><span class='ocrx_word' id='word_1_295' title='bbox 134 2408 204 2439; x_wconf 76' lang='lat' dir='ltr'>rea</span> <span class='ocrx_word' id='word_1_296' title='bbox 231 2409 369 2438; x_wconf 81' lang='lat' dir='ltr'>omnes</span> <span class='ocrx_word' id='word_1_297' title='bbox 392 2402 571 2451; x_wconf 82' lang='lat' dir='ltr'>tanquam</span> <span class='ocrx_word' id='word_1_298' title='bbox 594 2409 616 2437; x_wconf 84' lang='lat' dir='ltr'>a</span> <span class='ocrx_word' id='word_1_299' title='bbox 642 2409 780 2438; x_wconf 82' lang='lat' dir='ltr'>caussa</span> <span class='ocrx_word' id='word_1_300' title='bbox 804 2397 1003 2452; x_wconf 75' lang='lat' dir='ltr'>profectae</span> <span class='ocrx_word' id='word_1_301' title='bbox 1025 2404 1141 2451; x_wconf 86' lang='lat' dir='ltr'>sunt,</span> <span class='ocrx_word' id='word_1_302' title='bbox 1183 2399 1237 2440; x_wconf 88' lang='lat' dir='ltr'>ita</span> <span class='ocrx_word' id='word_1_303' title='bbox 1261 2399 1438 2455; x_wconf 85' lang='lat' dir='ltr'>quidem,</span> <span class='ocrx_word' id='word_1_304' title='bbox 1482 2407 1523 2441; x_wconf 91' lang='lat' dir='ltr'>ut</span> <span class='ocrx_word' id='word_1_305' title='bbox 1547 2402 1676 2456; x_wconf 88' lang='lat' dir='ltr'>appel-</span> 
     </span>
     <span class='ocr_line' id='line_1_34' title="bbox 127 2462 1674 2523; baseline 0.006 -22"><span class='ocrx_word' id='word_1_306' title='bbox 127 2462 231 2507; x_wconf 63' lang='lat' dir='ltr'>latio</span> <span class='ocrx_word' id='word_1_307' title='bbox 251 2462 335 2521; x_wconf 80' lang='lat' dir='ltr'>ipsa</span> <span class='ocrx_word' id='word_1_308' title='bbox 357 2477 524 2506; x_wconf 83' lang='lat' dir='ltr'>caussae</span> <span class='ocrx_word' id='word_1_309' title='bbox 542 2463 735 2505; x_wconf 85' lang='lat' dir='ltr'>sinceram</span> <span class='ocrx_word' id='word_1_310' title='bbox 757 2470 794 2505; x_wconf 86' lang='lat' dir='ltr'>et</span> <span class='ocrx_word' id='word_1_311' title='bbox 819 2464 1159 2520; x_wconf 82' lang='lat' dir='ltr'>incomparabilem</span> <span class='ocrx_word' id='word_1_312' title='bbox 1177 2466 1433 2509; x_wconf 85' lang='lat' dir='ltr'>substantiam</span> <span class='ocrx_word' id='word_1_313' title='bbox 1456 2468 1674 2523; x_wconf 77' lang='lat' dir='ltr'>significet·</span> 
     </span>
     <span class='ocr_line' id='line_1_35' title="bbox 132 2530 1676 2591; baseline 0.002 -16"><span class='ocrx_word' id='word_1_314' title='bbox 132 2530 355 2575; x_wconf 53' lang='lat' dir='ltr'>&amp;mnndi</span> <span class='ocrx_word' id='word_1_315' title='bbox 379 2538 442 2574; x_wconf 84' lang='lat' dir='ltr'>est</span> <span class='ocrx_word' id='word_1_316' title='bbox 462 2539 571 2588; x_wconf 86' lang='lat' dir='ltr'>pater</span> <span class='ocrx_word' id='word_1_317' title='bbox 592 2532 630 2573; x_wconf 87' lang='lat' dir='ltr'>iu</span> <span class='ocrx_word' id='word_1_318' title='bbox 656 2532 760 2583; x_wconf 82' lang='lat' dir='ltr'>lilio,</span> <span class='ocrx_word' id='word_1_319' title='bbox 803 2531 933 2574; x_wconf 86' lang='lat' dir='ltr'>lilius</span> <span class='ocrx_word' id='word_1_320' title='bbox 924 2546 962 2574; x_wconf 77' lang='lat' dir='ltr'>in</span> <span class='ocrx_word' id='word_1_321' title='bbox 990 2539 1120 2588; x_wconf 87' lang='lat' dir='ltr'>patre,</span> <span class='ocrx_word' id='word_1_322' title='bbox 1153 2548 1239 2577; x_wconf 86' lang='lat' dir='ltr'>cum</span> <span class='ocrx_word' id='word_1_323' title='bbox 1262 2535 1402 2591; x_wconf 83' lang='lat' dir='ltr'>spiritu</span> <span class='ocrx_word' id='word_1_324' title='bbox 1425 2542 1586 2587; x_wconf 85' lang='lat' dir='ltr'>sancto,</span> <span class='ocrx_word' id='word_1_325' title='bbox 1634 2543 1676 2578; x_wconf 91' lang='lat' dir='ltr'>ut</span> 
     </span>
    </p>
   </div>
   <div class='ocr_carea' id='block_1_3' title="bbox 114 2600 1677 2712">
    <p class='ocr_par' dir='ltr' id='par_1_5' title="bbox 114 2600 1677 2712">
     <span class='ocr_line' id='line_1_36' title="bbox 114 2600 1677 2670; baseline 0.002 -27"><span class='ocrx_word' id='word_1_326' title='bbox 114 2601 360 2670; x_wconf 53' lang='lat' dir='ltr'>,pertusio</span> <span class='ocrx_word' id='word_1_327' title='bbox 380 2601 466 2657; x_wconf 81' lang='lat' dir='ltr'>ipsa</span> <span class='ocrx_word' id='word_1_328' title='bbox 487 2601 526 2642; x_wconf 93' lang='lat' dir='ltr'>in</span> <span class='ocrx_word' id='word_1_329' title='bbox 551 2613 641 2642; x_wconf 86' lang='lat' dir='ltr'>sese</span> <span class='ocrx_word' id='word_1_330' title='bbox 663 2600 935 2642; x_wconf 82' lang='lat' dir='ltr'>aeternitatem</span> <span class='ocrx_word' id='word_1_331' title='bbox 960 2600 1153 2654; x_wconf 86' lang='lat' dir='ltr'>includat,</span> <span class='ocrx_word' id='word_1_332' title='bbox 1185 2603 1296 2645; x_wconf 87' lang='lat' dir='ltr'>cuius</span> <span class='ocrx_word' id='word_1_333' title='bbox 1323 2603 1508 2646; x_wconf 85' lang='lat' dir='ltr'>trinitatis</span> <span class='ocrx_word' id='word_1_334' title='bbox 1532 2604 1677 2647; x_wconf 79' lang='lat' dir='ltr'>benoli-</span> 
     </span>
     <span class='ocr_line' id='line_1_37' title="bbox 129 2657 805 2712; baseline -0.003 0"><span class='ocrx_word' id='word_1_335' title='bbox 129 2667 203 2711; x_wconf 64' lang='lat' dir='ltr'>onio</span> <span class='ocrx_word' id='word_1_336' title='bbox 231 2657 387 2712; x_wconf 82' lang='lat' dir='ltr'>condita</span> <span class='ocrx_word' id='word_1_337' title='bbox 419 2669 548 2710; x_wconf 87' lang='lat' dir='ltr'>omnia</span> <span class='ocrx_word' id='word_1_338' title='bbox 578 2675 805 2710; x_wconf 82' lang='lat' dir='ltr'>servantur.</span> 
     </span>
    </p>
   </div>
   <div class='ocr_carea' id='block_1_4' title="bbox 137 2734 1677 2998">
    <p class='ocr_par' dir='ltr' id='par_1_6' title="bbox 137 2734 1677 2998">
     <span class='ocr_line' id='line_1_38' title="bbox 250 2734 1677 2796; baseline 0.004 -17"><span class='ocrx_word' id='word_1_339' title='bbox 250 2736 359 2779; x_wconf 78' lang='lat' dir='ltr'>Aelii</span> <span class='ocrx_word' id='word_1_340' title='bbox 383 2734 513 2793; x_wconf 85' lang='lat' dir='ltr'>Caput</span> <span class='ocrx_word' id='word_1_341' title='bbox 531 2734 614 2778; x_wconf 84' lang='lat' dir='ltr'>XX</span> <span class='ocrx_word' id='word_1_342' title='bbox 620 2735 698 2778; x_wconf 59' lang='grc' dir='ltr'>(Ι</span> <span class='ocrx_word' id='word_1_343' title='bbox 760 2735 805 2779; x_wconf 87' lang='lat' dir='ltr'>Si</span> <span class='ocrx_word' id='word_1_344' title='bbox 833 2736 924 2778; x_wconf 79' lang='lat' dir='ltr'>nibil</span> <span class='ocrx_word' id='word_1_345' title='bbox 957 2750 1092 2779; x_wconf 88' lang='lat' dir='ltr'>eorum</span> <span class='ocrx_word' id='word_1_346' title='bbox 1125 2752 1224 2794; x_wconf 89' lang='lat' dir='ltr'>quae</span> <span class='ocrx_word' id='word_1_347' title='bbox 1248 2739 1375 2781; x_wconf 88' lang='lat' dir='ltr'>visum</span> <span class='ocrx_word' id='word_1_348' title='bbox 1401 2740 1593 2796; x_wconf 74' lang='lat' dir='ltr'>effugiunt</span> <span class='ocrx_word' id='word_1_349' title='bbox 1613 2755 1677 2784; x_wconf 88' lang='lat' dir='ltr'>se-</span> 
     </span>
     <span class='ocr_line' id='line_1_39' title="bbox 137 2804 1677 2863; baseline 0.003 -15"><span class='ocrx_word' id='word_1_350' title='bbox 137 2804 366 2862; x_wconf 65' lang='lat' dir='ltr'>metipso—vi</span> <span class='ocrx_word' id='word_1_351' title='bbox 392 2806 557 2861; x_wconf 85' lang='lat' dir='ltr'>quadam</span> <span class='ocrx_word' id='word_1_352' title='bbox 583 2806 711 2847; x_wconf 82' lang='lat' dir='ltr'>sativa</span> <span class='ocrx_word' id='word_1_353' title='bbox 745 2805 851 2861; x_wconf 85' lang='lat' dir='ltr'>prius</span> <span class='ocrx_word' id='word_1_354' title='bbox 881 2811 964 2856; x_wconf 82' lang='lat' dir='ltr'>cst,</span> <span class='ocrx_word' id='word_1_355' title='bbox 1009 2812 1125 2861; x_wconf 84' lang='lat' dir='ltr'>atque</span> <span class='ocrx_word' id='word_1_356' title='bbox 1148 2806 1304 2848; x_wconf 82' lang='lat' dir='ltr'>delinita</span> <span class='ocrx_word' id='word_1_357' title='bbox 1329 2808 1491 2863; x_wconf 81' lang='lat' dir='ltr'>quadam</span> <span class='ocrx_word' id='word_1_358' title='bbox 1514 2816 1677 2852; x_wconf 86' lang='lat' dir='ltr'>naturae</span> 
     </span>
     <span class='ocr_line' id='line_1_40' title="bbox 138 2872 1677 2930; baseline 0.003 -14"><span class='ocrx_word' id='word_1_359' title='bbox 138 2879 248 2916; x_wconf 78' lang='lat' dir='ltr'>sorte</span> <span class='ocrx_word' id='word_1_360' title='bbox 270 2872 514 2926; x_wconf 88' lang='lat' dir='ltr'>continetur,</span> <span class='ocrx_word' id='word_1_361' title='bbox 563 2872 630 2929; x_wconf 89' lang='lat' dir='ltr'>qui</span> <span class='ocrx_word' id='word_1_362' title='bbox 659 2873 741 2915; x_wconf 84' lang='lat' dir='ltr'>lieri</span> <span class='ocrx_word' id='word_1_363' title='bbox 774 2879 901 2930; x_wconf 89' lang='lat' dir='ltr'>potest</span> <span class='ocrx_word' id='word_1_364' title='bbox 926 2879 967 2914; x_wconf 93' lang='lat' dir='ltr'>ut</span> <span class='ocrx_word' id='word_1_365' title='bbox 990 2873 1185 2928; x_wconf 83' lang='lat' dir='ltr'>ingenitus</span> <span class='ocrx_word' id='word_1_366' title='bbox 1217 2875 1313 2917; x_wconf 82' lang='lat' dir='ltr'>dens</span> <span class='ocrx_word' id='word_1_367' title='bbox 1343 2875 1390 2917; x_wconf 87' lang='lat' dir='ltr'>ab</span> <span class='ocrx_word' id='word_1_368' title='bbox 1422 2877 1527 2919; x_wconf 87' lang='lat' dir='ltr'>omni</span> <span class='ocrx_word' id='word_1_369' title='bbox 1560 2879 1677 2920; x_wconf 88' lang='lat' dir='ltr'>sorti-</span> 
     </span>
     <span class='ocr_line' id='line_1_41' title="bbox 138 2940 1675 2998; baseline 0.003 -15"><span class='ocrx_word' id='word_1_370' title='bbox 138 2940 247 2983; x_wconf 83' lang='lat' dir='ltr'>tione</span> <span class='ocrx_word' id='word_1_371' title='bbox 271 2940 371 2983; x_wconf 89' lang='lat' dir='ltr'>liber</span> <span class='ocrx_word' id='word_1_372' title='bbox 392 2955 500 2984; x_wconf 79' lang='lat' dir='ltr'>snam</span> <span class='ocrx_word' id='word_1_373' title='bbox 524 2941 646 2997; x_wconf 81' lang='lat' dir='ltr'>ipsius</span> <span class='ocrx_word' id='word_1_374' title='bbox 668 2942 925 2985; x_wconf 82' lang='lat' dir='ltr'>substantiam</span> <span class='ocrx_word' id='word_1_375' title='bbox 958 2942 1071 2983; x_wconf 84' lang='lat' dir='ltr'>modo</span> <span class='ocrx_word' id='word_1_376' title='bbox 1095 2941 1134 2983; x_wconf 87' lang='lat' dir='ltr'>in</span> <span class='ocrx_word' id='word_1_377' title='bbox 1159 2941 1291 2998; x_wconf 73' lang='lat' dir='ltr'>genita</span> <span class='ocrx_word' id='word_1_378' title='bbox 1315 2943 1452 2987; x_wconf 80' lang='lat' dir='ltr'>sobole</span> <span class='ocrx_word' id='word_1_379' title='bbox 1473 2945 1675 2990; x_wconf 69' lang='lat' dir='ltr'>interioris</span> 
     </span>
    </p>
   </div>
   <div class='ocr_carea' id='block_1_5' title="bbox 185 3026 631 3077">
    <p class='ocr_par' dir='ltr' id='par_1_7' title="bbox 185 3026 631 3077">
     <span class='ocr_line' id='line_1_42' title="bbox 185 3026 631 3077; baseline -0.004 -10"><span class='ocrx_word' id='word_1_380' title='bbox 185 3031 218 3067; x_wconf 82' lang='lat'>2.</span> <span class='ocrx_word' id='word_1_381' title='bbox 243 3033 351 3075; x_wconf 71' lang='lat' dir='ltr'>Supm</span> <span class='ocrx_word' id='word_1_382' title='bbox 374 3031 447 3072; x_wconf 77' lang='grc' dir='ltr'>πῶς</span> <span class='ocrx_word' id='word_1_383' title='bbox 471 3026 511 3068; x_wconf 67' lang='grc' dir='ltr'>ἄν</span> <span class='ocrx_word' id='word_1_384' title='bbox 535 3030 554 3068; x_wconf 75' lang='grc' dir='ltr'>ὅ</span> <span class='ocrx_word' id='word_1_385' title='bbox 578 3029 631 3077; x_wconf 80' lang='grc' dir='ltr'><strong>α’γ.</strong></span> 
     </span>
    </p>
   </div>
   <div class='ocr_carea' id='block_1_6' title="bbox 1716 356 1830 427">
    <p class='ocr_par' dir='ltr' id='par_1_8' title="bbox 1716 356 1830 421">
     <span class='ocr_line' id='line_1_43' title="bbox 1716 356 1830 385; baseline -0.018 0"><span class='ocrx_word' id='word_1_386' title='bbox 1716 356 1771 385; x_wconf 69' lang='grc' dir='ltr'>Μ.</span> <span class='ocrx_word' id='word_1_387' title='bbox 1773 356 1830 385; x_wconf 75' lang='lat' dir='ltr'>nh.</span> 
     </span>
     <span class='ocr_line' id='line_1_44' title="bbox 1716 393 1820 427; baseline -0.021 -6"><span class='ocrx_word' id='word_1_388' title='bbox 1716 393 1759 427; x_wconf 79' lang='lat'>18,</span> <span class='ocrx_word' id='word_1_389' title='bbox 1778 393 1820 421; x_wconf 72' lang='lat' dir='ltr'>at.</span> 
     </span>
    </p>
   </div>
   <div class='ocr_carea' id='block_1_7' title="bbox 1702 1873 1881 1911">
    <p class='ocr_par' dir='ltr' id='par_1_9' title="bbox 1702 1873 1881 1911">
     <span class='ocr_line' id='line_1_45' title="bbox 1702 1873 1881 1911; baseline 0 -8"><span class='ocrx_word' id='word_1_390' title='bbox 1702 1873 1791 1905; x_wconf 77' lang='lat' dir='ltr'>non.</span> <span class='ocrx_word' id='word_1_391' title='bbox 1809 1876 1836 1911; x_wconf 65' lang='grc' dir='ltr'>Ω,</span> <span class='ocrx_word' id='word_1_392' title='bbox 1854 1876 1881 1904; x_wconf 71' lang='lat'>4.</span> 
     </span>
    </p>
   </div>
  </div>
 </body>
</html>
