2020 3276
347 208 428 252 756

344 296 520 342 Epiphanii
553 295 693 340 epistola
728 294 886 329 adversus
918 295 1093 331 Antidioo·

389 352 579 386 marianitss
603 354 704 385 1084.

342 408 519 454 Epiphanii
540 409 703 443 modestia
726 416 760 443 et
786 409 901 443 veniae
926 409 1089 456 depreca—

386 465 435 499 tio
459 465 493 499 in
515 466 706 500 haeresibus
730 466 943 500 confutandis
969 469 1069 503 1100.

339 522 542 568 Epiphanius
576 534 643 569 quo
684 530 839 567 tempore
852 549 862 564 ,
906 530 941 558 et
973 524 1090 570 quibus

383 579 639 624 imperatoribus
662 579 833 625 scripserit
854 583 932 615 404.

339 636 543 682 Epiphanius
565 636 711 671 incertus
734 648 777 671 an
802 637 895 683 virgo
917 638 1021 673 Maria
1046 638 1090 671 sit

383 701 516 728 mortno
539 697 636 727 1055.
661 713 706 721 -
759 695 886 730 Mariae
917 695 1089 740 virginitas

384 753 485 786 1056.

337 808 515 854 Epiphanii
527 808 691 843 modestia
706 808 740 843 in
751 809 959 855 suscipienda
971 809 1089 855 dispu—

380 865 510 900 tatione
532 865 690 900 adversus
713 859 867 900 haereses
890 869 922 900 3.

336 921 495 968 Ephraim
518 925 620 969 Syrus
644 923 736 957 citat.
760 926 839 957 444.
866 923 1057 967 (Addend.)

336 979 515 1025 Episcopi,
540 980 749 1026 presbyteri,
772 980 926 1026 diaconi,
950 980 1089 1014 subdia-

382 1037 457 1071 coni
468 1061 480 1079 ,
514 1037 678 1079 lectores,
711 1037 936 1080 diaconissae,
975 1045 1009 1071 et
1043 1037 1087 1071 ad

379 1093 461 1140 quid
481 1094 654 1129 institutae
678 1097 779 1129 1104.
803 1114 840 1121 --
878 1094 991 1141 quales
1016 1106 1087 1128 esse

379 1150 525 1186 debeant
546 1151 627 1186 ibid.
653 1171 699 1178 —
732 1151 929 1193 exorcistae,
954 1151 1087 1197 lingua-

379 1220 452 1242 rum
484 1208 688 1255 interpretes
721 1208 803 1243 ibid.
838 1227 882 1235 —-
927 1207 1084 1242 labornn-
1121 1227 1125 1234 ι

378 1272 430 1300 tes
453 1266 510 1312 qui
533 1266 600 1300 sint
621 1266 656 1300 in
679 1266 819 1301 ecclesia
841 1265 922 1300 ibid.
951 1285 991 1292 —
1031 1266 1084 1300 ia-

377 1323 504 1357 nitores
528 1323 607 1358 ibid.

331 1380 535 1427 Episcopum
557 1392 630 1415 esse
659 1374 855 1427 presbytero
881 1380 1084 1425 superiorem

379 1440 458 1472 908.

331 1495 516 1542 Episcopus
535 1495 607 1530 sine
627 1494 770 1530 diacono
791 1506 864 1529 esse
884 1505 951 1528 non
970 1501 1084 1540 potest

376 1553 458 1587 ibid.

330 1610 491 1657 Episcopi
525 1609 823 1655 Hierosolymitani
861 1608 917 1654 qui
960 1609 1082 1643 Iacobo

375 1667 485 1714 primo
522 1667 683 1713 episcopo
701 1665 812 1709 ‘fratri
848 1665 975 1700 domini
1012 1665 1082 1699 filio

375 1723 510 1770 Iosephi
532 1730 761 1758 successerunt
784 1725 862 1757 6³⁶.
886 1742 931 1750 -
967 1733 1081 1756 eomm

374 1791 539 1816 numerusx
562 1792 666 1827 nsque
700 1779 745 1814 ad
778 1780 918 1826 triginta
951 1786 1082 1825 septem

375 1839 570 1880 distinctus,
595 1837 776 1872 secundum
794 1845 947 1883 tempora
969 1837 1080 1883 irnpe-

373 1903 522 1931 ratorum
545 1895 627 1930 ibid.
652 1902 688 1929 et
712 1898 789 1928 367.

328 1954 480 2000 Epistola
503 1952 755 1999 pseudosynodi
787 1956 981 1998 Ancyranne
1001 1955 1076 1986 846.

373 2031 413 2037 -
451 2010 485 2044 ἰῃ
519 2022 584 2055 qua
615 2009 659 2043 de
688 2016 784 2054 patre
806 2008 942 2054 filioque
963 2009 1079 2054 genito

372 2067 581 2112 disputatur,
625 2073 660 2099 et
692 2066 735 2099 de
768 2065 902 2099 nomine
936 2065 1078 2100 filiorum

372 2127 450 2159 849.
468 2126 535 2158 850
565 2126 644 2157 851.
673 2141 711 2148 -·
758 2122 906 2156 eiusdem
929 2123 1075 2168 pseudo·

370 2181 492 2228 synodi
513 2178 778 2215 anathematismi
802 2181 880 2213 858.

326 2238 477 2285 Epistola
506 2237 551 2272 ad
575 2237 781 2272 Laodicenos
806 2244 857 2271 est
885 2236 1078 2283 apocrypha

371 2298 450 2330 875.

325 2354 437 2400 Equus
459 2353 624 2388 Troianus
649 2351 729 2398 quid
752 2363 794 2385 ex
819 2351 963 2386 Simonis
987 2352 1077 2397 Magi

369 2422 467 2445 sensu
490 2410 724 2456 significaverit
748 2412 803 2443 57.

323 2467 446 2502 Esdras
470 2467 649 2501 Samaritas
681 2467 715 2500 in
746 2466 821 2512 lege
845 2466 992 2501 Mosaica
1020 2466 1075 2500 in·

369 2525 479 2559 stituit
503 2527 558 2559 23.

323 2582 524 2616 Essenorum
538 2582 683 2616 haeresis
707 2593 791 2627 quae
815 2587 867 2615 est
889 2580 994 2626 prima
1010 2582 1074 2615 Sa-

368 2639 606 2674 maritanorum
631 2642 684 2673 28.

323 2696 394 2730 Eva
426 2696 596 2742 quomodo
629 2696 763 2730 differat
793 2695 835 2730 ab
872 2696 967 2730 Hera
1001 2708 1074 2730 cum

368 2754 571 2798 aspiratione
595 2756 695 2787 1092.

322 2810 607 2855 Evangelisturum
632 2811 821 2845 institutum
849 2810 883 2844 in
906 2810 1073 2857 mysteriis

368 2867 560 2911 evulgandis
589 2871 665 2901 747.

321 2922 605 2968 Evangelistarurn
623 2925 791 2959 declarata
808 2925 982 2959 consensio
993 2927 1073 2958 430.

322 2977 501 3022 Evangelia
536 2980 618 3014 nihil
648 2981 774 3016 habent
806 2982 995 3028 ambiguum
1019 2982 1072 3016 vel

366 3045 555 3079 repugnans
576 3040 653 3070 438.

951 215 1095 251 ΙΝΠΕΧ
1116 217 1287 254 RERUM.

1140 296 1425 342 Evangelistarnm
1467 296 1654 332 institutum
1696 297 1731 333 in
1771 298 1890 334 ordine

1184 353 1351 388 scribendi
1373 356 1451 389 48⁶.

1140 410 1370 455 Bvangelistse
1407 423 1465 445 cnr
1498 422 1566 445 non
1612 410 1729 446 codun
1772 423 1887 447 onnes

1185 467 1395 501 narraverint
1418 470 1496 501 427.

1138 524 1369 570 Evangelistse
1401 524 1608 570 explicantur
1641 515 1886 560 et‘ooudlhn-

1183 587 1237 615 tur
1268 584 1346 614 805.

1137 638 1420 683 Evangelistsrum
1443 637 1634 673 conciliatio
1656 638 1744 673 eires
1767 647 1886 674 n-ob

1181 706 1253 728 rum
1294 695 1587 730 daemoniacorum
1625 698 1703 730 858.
1746 703 1787 725 -’
1852 703 1887 730 et

1180 752 1364 797 scripturae
1386 752 1575 797 proprietas
1598 752 1784 799 explicetur
1806 754 1886 788 854.

1135 809 1350 854 Evangelium
1363 809 1618 855 Aegyptiam,
1639 809 1726 844 libes·
1738 820 1886 857 apocry—

1179 865 1264 910 phus
1289 868 1367 900 514.

1135 922 1349 967 Evangelium
1391 922 1588 968 veritatem,

1180 979 1333 1014 continet
1355 981 1408 1013 19.

1133 1036 1307 1082 Evangelii
1337 1037 1380 1070 de
1414 1036 1563 1079 semine,
1601 1043 1637 1071 et
1657 1037 1795 1072 homine
1816 1037 1885 1071 iui-

1177 1093 1264 1127 mico
1278 1093 1512 1139 interpretatio
1525 1099 1643 1128 contu
1653 1093 1884 1129 &nichao-1

1178 1152 1253 1183 679.
1270 1169 1312 1177 -—
1334 1150 1415 1184 item
1437 1150 1509 1196 quis
1528 1150 1572 1185 sit
1591 1150 1746 1198 princeps
1768 1150 1883 1186 nundi

1179 1209 1255 1240 880.
1283 1214 1318 1241 et
1342 1210 1417 1241 681.
1443 1219 1547 1254 usque
1567 1208 1612 1242 sd
1634 1210 1713 1246 888.

1636 922 1690 958 lex
1737 923 1886 959 umbram

1132 1265 1300 1310 Evangelii
1325 1272 1499 1310 corruptus
1522 1265 1615 1299 locus
1637 1266 1811 1300 resn’tutus
1827 1268 1882 1300 21.

1132 1322 1364 1356 Eunuchorum
1387 1329 1454 1356 tres
1479 1321 1627 1364 ordines,
1649 1322 1792 1368 primum
1814 1333 1882 1371 ge·

1131 1402 1135 1403 γ
1176 1390 1237 1412 nus
1253 1381 1331 1412 491.
1360 1398 1400 1405 -
1435 1379 1617 1414 secundnm
1637 1379 1719 1414 ibid.
1743 1398 1788 1407 -
1809 1386 1882 1414 ter—

1174 1435 1258 1469 tium
1279 1435 1361 1470 ibid.
1386 1455 1431 1462 —
1478 1436 1568 1470 unde
1588 1435 1730 1471 eunuchi
1760 1435 1880 1471 dimn-

1174 1499 1230 1526 tnr
1253 1492 1336 1527 ibid.

1131 1549 1289 1584 Eusebius
1322 1549 1541 1585 Veroellensis
1574 1550 1650 1585 exul
1691 1550 1736 1584 ob
1780 1543 1881 1585 fidens

1175 1610 1250 1641 129.

1128 1664 1287 1698 Eusebius
1310 1664 1486 1710 episcopus
1501 1663 1766 1699 Nicomediensis
1781 1663 1877 1699 Aria-

1172 1733 1290 1755 norum
1315 1721 1454 1766 signifer
1479 1723 1555 1756 787.
1580 1741 1623 1748 -
1656 1720 1684 1755 is
1709 1720 1878 1756 conmu-

1170 1778 1254 1812 tium
1276 1778 1512 1823 imperatorem
1535 1789 1632 1813 sacro
1654 1777 1790 1814 lav-cro
1811 1778 1880 1814 iu·-

1171 1835 1287 1870 buerat
1309 1835 1390 1869 ibid.

1128 1894 1282 1926 Eutactus
1314 1893 1459 1926 haeresis
1486 1892 1761 1928 Archonticoruns
1793 1900 1878 1939 pm-

1169 1956 1311 1994 pagator
1333 1952 1411 1983 291.
1434 1968 1478 1975 —
1524 1950 1595 1983 eius
1626 1949 1766 1984 historin
1794 1948 1876 1984 ibid.

1170 2013 1205 2039 et
1227 2008 1307 2041 292.

1125 2063 1314 2097 Eustathius
1361 2064 1562 2098 sebastenus
1605 2075 1663 2098 seu
1706 2063 1877 2099 sebestise

1169 2121 1368 2167 episcopus,
1412 2122 1468 2167 qui
1490 2115 1603 2156 'etiam
1637 2121 1776 2156 Ani-nus
1811 2120 1876 2156 stit

1170 2179 1244 2211 906.

1126 2234 1309 2269 Ezechielis
1344 2235 1429 2270 liber
1463 2235 1698 2282 apocryphus.
1729 2242 1766 2270 et
1795 2233 1876 2270 inde

1169 2300 1327 2338 excerpta
1350 2305 1383 2327 v.
1406 2292 1571 2328 Addeuds
1590 2292 1634 2327 sd
1650 2303 1684 2339 p.
1704 2293 1783 2327 001.
1845 2327 1850 2330 .

1479 2395 1518 2429 F.

1123 2463 1214 2498 Fasti
1237 2463 1434 2499 Consulares
1459 2462 1553 2498 citati
1573 2466 1652 2498 444.
1683 2462 1872 2510 (AM)

1166 2523 1245 2555 445.

1121 2579 1240 2613 Fatum
1263 2591 1304 2612 an
1327 2578 1393 2620 sit,
1418 2585 1453 2612 et
1477 2584 1594 2613 contra
1624 2578 1730 2612 t'stun
1750 2575 1870 2623 obpu-

1164 2637 1250 2670 tatio
1275 2638 1329 2670 35.

1120 2694 1238 2727 Fatum
1252 2693 1441 2727 Stoicorum
1457 2692 1605 2727 breviter
1621 2691 1803 2726 rems-tum
1814 2694 1868 2726 1⁸.

1123 2751 1214 2785 Fidei
1254 2749 1438 2785 catholioee
1472 2748 1654 2784 declar-tio
1689 2749 1789 2786 1⁰9⁶.
1825 2767 1870 2776 —

1165 2808 1280 2842 unicae
1303 2807 1477 2842 columbae
1500 2806 1616 2840 similis
1635 2804 1719 2840 ibid.
1745 2824 1789 2832 —
1833 2806 1869 2840 in

1166 2865 1305 2900 ecclesia
1335 2864 1453 2899 eadem
1483 2863 1566 2898 fides
1598 2872 1712 2897 verum
1745 2862 1869 2898 Christi

1164 2923 1376 2968 sanguinem,
1414 2933 1474 2956 ceu
1506 2919 1584 2954 vitis
1617 2918 1769 2965 quotidie
1793 2920 1864 2955 lu·-

1164 2981 1253 3026 gitur
1277 2981 1376 3015 1097.
1404 2998 1449 3006 -
1494 2977 1583 3011 vitae
1618 2975 1741 3010 christi
1773 2989 1867 3012 sum-

1163 3051 1216 3072 ma
1238 3038 1319 3073 ibid.
1345 3057 1388 3064 -
1424 3033 1604 3080 baptismus
1627 3033 1697 3067 eius
1718 3033 1800 3069 ibid.
1822 3053 1867 3062 .-
