<?xml version="1.0" encoding="UTF-8"?>
<!DOCTYPE html PUBLIC "-//W3C//DTD XHTML 1.0 Transitional//EN"
    "http://www.w3.org/TR/xhtml1/DTD/xhtml1-transitional.dtd">
<html xmlns="http://www.w3.org/1999/xhtml" xml:lang="en" lang="en">
 <head>
  <title>
</title>
<meta http-equiv="Content-Type" content="text/html;charset=utf-8" />
  <meta name='ocr-system' content='tesseract 3.04.00' />
  <meta name='ocr-capabilities' content='ocr_page ocr_carea ocr_par ocr_line ocrx_word'/>
</head>
<body>
  <div class='ocr_page' id='page_1' title='image "./corporishaereseo23epip_0319.png"; bbox 0 0 2020 3276; ppageno 0'>
   <div class='ocr_carea' id='block_1_1' title="bbox 427 226 1637 270">
    <p class='ocr_par' dir='ltr' id='par_1_1' title="bbox 427 226 1637 270">
     <span class='ocr_line' id='line_1_1' title="bbox 427 226 1637 270; baseline 0 -2"><span class='ocrx_word' id='word_1_1' title='bbox 427 235 611 269; x_wconf 61' lang='lat' dir='ltr'>rammi</span> <span class='ocrx_word' id='word_1_2' title='bbox 634 235 720 270; x_wconf 75' lang='lat' dir='ltr'>Lm.</span> <span class='ocrx_word' id='word_1_3' title='bbox 738 236 796 269; x_wconf 86' lang='lat' dir='ltr'>m.</span> <span class='ocrx_word' id='word_1_4' title='bbox 820 235 931 270; x_wconf 78' lang='grc' dir='ltr'>ΤοΜ.</span> <span class='ocrx_word' id='word_1_5' title='bbox 947 236 972 268; x_wconf 90' lang='lat' dir='ltr'>t.</span> <span class='ocrx_word' id='word_1_6' title='bbox 997 235 1131 269; x_wconf 56' lang='lat' dir='ltr'>nans.</span> <span class='ocrx_word' id='word_1_7' title='bbox 1146 235 1305 269; x_wconf 59' lang='lat' dir='ltr'>cxxvi.</span> <span class='ocrx_word' id='word_1_8' title='bbox 1554 226 1637 268; x_wconf 82' lang='lat'>307</span> 
     </span>
    </p>
   </div>
   <div class='ocr_carea' id='block_1_2' title="bbox 95 313 1645 1142">
    <p class='ocr_par' dir='ltr' id='par_1_2' title="bbox 95 313 1644 1134">
     <span class='ocr_line' id='line_1_2' title="bbox 98 313 1639 372; baseline -0.002 -12"><span class='ocrx_word' id='word_1_9' title='bbox 98 328 175 372; x_wconf 68' lang='lat' dir='ltr'>q·</span> <span class='ocrx_word' id='word_1_10' title='bbox 192 313 404 360; x_wconf 54' lang='lat' dir='ltr'>antire</span> <span class='ocrx_word' id='word_1_11' title='bbox 426 315 626 358; x_wconf 80' lang='lat' dir='ltr'>cernimus</span> <span class='ocrx_word' id='word_1_12' title='bbox 646 314 711 371; x_wconf 89' lang='lat' dir='ltr'>qui</span> <span class='ocrx_word' id='word_1_13' title='bbox 737 313 949 371; x_wconf 84' lang='lat' dir='ltr'>sophistica</span> <span class='ocrx_word' id='word_1_14' title='bbox 981 315 1147 369; x_wconf 90' lang='lat' dir='ltr'>quadam</span> <span class='ocrx_word' id='word_1_15' title='bbox 1171 315 1324 357; x_wconf 88' lang='lat' dir='ltr'>ratione</span> <span class='ocrx_word' id='word_1_16' title='bbox 1349 313 1521 357; x_wconf 84' lang='lat' dir='ltr'>inventis</span> <span class='ocrx_word' id='word_1_17' title='bbox 1542 328 1567 357; x_wconf 80' lang='lat' dir='ltr'>a</span> <span class='ocrx_word' id='word_1_18' title='bbox 1592 328 1639 357; x_wconf 82' lang='lat' dir='ltr'>se</span> 
     </span>
     <span class='ocr_line' id='line_1_3' title="bbox 95 382 1639 441; baseline -0.002 -13"><span class='ocrx_word' id='word_1_19' title='bbox 95 382 334 441; x_wconf 53' lang='lat' dir='ltr'>mis</span> <span class='ocrx_word' id='word_1_20' title='bbox 366 384 610 428; x_wconf 80' lang='lat' dir='ltr'>diversarum</span> <span class='ocrx_word' id='word_1_21' title='bbox 644 396 775 425; x_wconf 89' lang='lat' dir='ltr'>rerum</span> <span class='ocrx_word' id='word_1_22' title='bbox 809 395 970 424; x_wconf 85' lang='lat' dir='ltr'>caussas</span> <span class='ocrx_word' id='word_1_23' title='bbox 1000 382 1200 438; x_wconf 79' lang='lat' dir='ltr'>inquirere</span> <span class='ocrx_word' id='word_1_24' title='bbox 1227 382 1531 438; x_wconf 79' lang='lat' dir='ltr'>etinvestigare</span> <span class='ocrx_word' id='word_1_25' title='bbox 1555 389 1639 425; x_wconf 86' lang='lat' dir='ltr'>stu-</span> 
     </span>
     <span class='ocr_line' id='line_1_4' title="bbox 96 449 1640 508; baseline -0.003 -11"><span class='ocrx_word' id='word_1_26' title='bbox 96 451 204 497; x_wconf 52' lang='lat' dir='ltr'>lu-</span> <span class='ocrx_word' id='word_1_27' title='bbox 266 449 400 495; x_wconf 84' lang='lat' dir='ltr'>Veluti</span> <span class='ocrx_word' id='word_1_28' title='bbox 425 453 514 496; x_wconf 72' lang='lat' dir='ltr'>nati</span> <span class='ocrx_word' id='word_1_29' title='bbox 547 452 649 507; x_wconf 83' lang='lat' dir='ltr'>quod</span> <span class='ocrx_word' id='word_1_30' title='bbox 673 450 901 508; x_wconf 87' lang='lat' dir='ltr'>principium</span> <span class='ocrx_word' id='word_1_31' title='bbox 929 450 1072 501; x_wconf 81' lang='lat' dir='ltr'>tuerit·</span> <span class='ocrx_word' id='word_1_32' title='bbox 1113 451 1178 492; x_wconf 89' lang='lat' dir='ltr'>alii</span> <span class='ocrx_word' id='word_1_33' title='bbox 1200 452 1419 503; x_wconf 89' lang='lat' dir='ltr'>undenam,</span> <span class='ocrx_word' id='word_1_34' title='bbox 1463 458 1504 492; x_wconf 85' lang='lat' dir='ltr'>et</span> <span class='ocrx_word' id='word_1_35' title='bbox 1526 451 1640 494; x_wconf 87' lang='lat' dir='ltr'>cuius</span> 
     </span>
     <span class='ocr_line' id='line_1_5' title="bbox 95 518 1638 576; baseline -0.003 -11"><span class='ocrx_word' id='word_1_36' title='bbox 95 518 159 565; x_wconf 62' lang='lat' dir='ltr'>sd</span> <span class='ocrx_word' id='word_1_37' title='bbox 174 520 305 576; x_wconf 67' lang='lat' dir='ltr'>gratia</span> <span class='ocrx_word' id='word_1_38' title='bbox 322 520 501 563; x_wconf 79' lang='lat' dir='ltr'>diabolus</span> <span class='ocrx_word' id='word_1_39' title='bbox 520 520 724 571; x_wconf 62' lang='lat' dir='ltr'>extiterit,</span> <span class='ocrx_word' id='word_1_40' title='bbox 768 518 923 574; x_wconf 91' lang='lat' dir='ltr'>quidam</span> <span class='ocrx_word' id='word_1_41' title='bbox 947 519 996 560; x_wconf 90' lang='lat' dir='ltr'>de</span> <span class='ocrx_word' id='word_1_42' title='bbox 1017 518 1173 560; x_wconf 89' lang='lat' dir='ltr'>bomine</span> <span class='ocrx_word' id='word_1_43' title='bbox 1197 526 1406 574; x_wconf 85' lang='lat' dir='ltr'>peccaturo</span> <span class='ocrx_word' id='word_1_44' title='bbox 1428 526 1638 575; x_wconf 89' lang='lat' dir='ltr'>quaerunt,</span> 
     </span>
     <span class='ocr_line' id='line_1_6' title="bbox 95 586 1639 643; baseline -0.004 -9"><span class='ocrx_word' id='word_1_45' title='bbox 95 594 168 636; x_wconf 58' lang='lat' dir='ltr'>nt·</span> <span class='ocrx_word' id='word_1_46' title='bbox 189 587 292 633; x_wconf 74' lang='lat' dir='ltr'>hune</span> <span class='ocrx_word' id='word_1_47' title='bbox 313 588 411 631; x_wconf 75' lang='lat' dir='ltr'>deus</span> <span class='ocrx_word' id='word_1_48' title='bbox 433 602 481 632; x_wconf 87' lang='lat' dir='ltr'>ea</span> <span class='ocrx_word' id='word_1_49' title='bbox 506 588 731 630; x_wconf 83' lang='lat' dir='ltr'>conditione</span> <span class='ocrx_word' id='word_1_50' title='bbox 752 586 1045 643; x_wconf 73' lang='lat' dir='ltr'><strong>procreaverit,</strong></span> <span class='ocrx_word' id='word_1_51' title='bbox 1089 594 1158 628; x_wconf 87' lang='lat' dir='ltr'>aut</span> <span class='ocrx_word' id='word_1_52' title='bbox 1178 587 1241 642; x_wconf 91' lang='lat' dir='ltr'>qui</span> <span class='ocrx_word' id='word_1_53' title='bbox 1264 587 1379 628; x_wconf 87' lang='lat' dir='ltr'>talem</span> <span class='ocrx_word' id='word_1_54' title='bbox 1414 588 1639 639; x_wconf 77' lang='lat' dir='ltr'>fabricarat,</span> 
     </span>
     <span class='ocr_line' id='line_1_7' title="bbox 95 654 1642 714; baseline -0.003 -12"><span class='ocrx_word' id='word_1_55' title='bbox 95 668 168 702; x_wconf 58' lang='lat' dir='ltr'>ul·</span> <span class='ocrx_word' id='word_1_56' title='bbox 186 655 377 701; x_wconf 65' lang='lat' dir='ltr'>inuasit</span> <span class='ocrx_word' id='word_1_57' title='bbox 398 663 552 714; x_wconf 84' lang='lat' dir='ltr'>postea.</span> <span class='ocrx_word' id='word_1_58' title='bbox 614 654 666 699; x_wconf 91' lang='lat' dir='ltr'>Ut</span> <span class='ocrx_word' id='word_1_59' title='bbox 687 669 775 698; x_wconf 86' lang='lat' dir='ltr'>cum</span> <span class='ocrx_word' id='word_1_60' title='bbox 795 654 928 698; x_wconf 87' lang='lat' dir='ltr'>varias</span> <span class='ocrx_word' id='word_1_61' title='bbox 950 655 990 698; x_wconf 90' lang='lat' dir='ltr'>in</span> <span class='ocrx_word' id='word_1_62' title='bbox 1015 661 1147 712; x_wconf 85' lang='lat' dir='ltr'>partes</span> <span class='ocrx_word' id='word_1_63' title='bbox 1172 655 1324 697; x_wconf 87' lang='lat' dir='ltr'>animos</span> <span class='ocrx_word' id='word_1_64' title='bbox 1345 669 1439 697; x_wconf 90' lang='lat' dir='ltr'>snos</span> <span class='ocrx_word' id='word_1_65' title='bbox 1465 670 1511 697; x_wconf 91' lang='lat' dir='ltr'>ac</span> <span class='ocrx_word' id='word_1_66' title='bbox 1533 655 1642 711; x_wconf 85' lang='lat' dir='ltr'>cogi-</span> 
     </span>
     <span class='ocr_line' id='line_1_8' title="bbox 95 722 1642 780; baseline -0.002 -11"><span class='ocrx_word' id='word_1_67' title='bbox 95 723 266 769; x_wconf 64' lang='lat' dir='ltr'>utine·</span> <span class='ocrx_word' id='word_1_68' title='bbox 289 725 552 776; x_wconf 83' lang='lat' dir='ltr'>intenderint,</span> <span class='ocrx_word' id='word_1_69' title='bbox 585 738 631 767; x_wconf 89' lang='lat' dir='ltr'>ac</span> <span class='ocrx_word' id='word_1_70' title='bbox 652 722 896 780; x_wconf 84' lang='lat' dir='ltr'>corruptioni</span> <span class='ocrx_word' id='word_1_71' title='bbox 920 737 964 765; x_wconf 83' lang='lat' dir='ltr'>se</span> <span class='ocrx_word' id='word_1_72' title='bbox 989 723 1186 766; x_wconf 85' lang='lat' dir='ltr'>obnoxios</span> <span class='ocrx_word' id='word_1_73' title='bbox 1207 723 1500 775; x_wconf 79' lang='lat' dir='ltr'>intellexerint,</span> <span class='ocrx_word' id='word_1_74' title='bbox 1542 724 1642 780; x_wconf 88' lang='lat' dir='ltr'>patri</span> 
     </span>
     <span class='ocr_line' id='line_1_9' title="bbox 96 791 1644 850; baseline -0.003 -12"><span class='ocrx_word' id='word_1_75' title='bbox 96 803 144 838; x_wconf 68' lang='lat' dir='ltr'>ae</span> <span class='ocrx_word' id='word_1_76' title='bbox 165 792 246 837; x_wconf 69' lang='lat' dir='ltr'>filio</span> <span class='ocrx_word' id='word_1_77' title='bbox 266 799 309 835; x_wconf 86' lang='lat' dir='ltr'>et</span> <span class='ocrx_word' id='word_1_78' title='bbox 327 793 482 850; x_wconf 85' lang='lat' dir='ltr'>spiritui</span> <span class='ocrx_word' id='word_1_79' title='bbox 509 801 670 845; x_wconf 90' lang='lat' dir='ltr'>sancto,</span> <span class='ocrx_word' id='word_1_80' title='bbox 703 793 777 834; x_wconf 86' lang='lat' dir='ltr'>boc</span> <span class='ocrx_word' id='word_1_81' title='bbox 796 799 860 835; x_wconf 88' lang='lat' dir='ltr'>est</span> <span class='ocrx_word' id='word_1_82' title='bbox 882 792 946 834; x_wconf 90' lang='lat' dir='ltr'>uni</span> <span class='ocrx_word' id='word_1_83' title='bbox 971 806 1018 834; x_wconf 87' lang='lat' dir='ltr'>ac</span> <span class='ocrx_word' id='word_1_84' title='bbox 1039 791 1227 847; x_wconf 78' lang='lat' dir='ltr'>singulari</span> <span class='ocrx_word' id='word_1_85' title='bbox 1251 791 1441 844; x_wconf 73' lang='lat' dir='ltr'>trinitati,</span> <span class='ocrx_word' id='word_1_86' title='bbox 1474 806 1644 834; x_wconf 87' lang='lat' dir='ltr'>venera-</span> 
     </span>
     <span class='ocr_line' id='line_1_10' title="bbox 97 859 1643 916; baseline -0.003 -11"><span class='ocrx_word' id='word_1_87' title='bbox 97 859 244 909; x_wconf 59' lang='lat' dir='ltr'>thaan</span> <span class='ocrx_word' id='word_1_88' title='bbox 269 874 318 905; x_wconf 89' lang='lat' dir='ltr'>ac</span> <span class='ocrx_word' id='word_1_89' title='bbox 336 860 543 904; x_wconf 88' lang='lat' dir='ltr'>scientiam</span> <span class='ocrx_word' id='word_1_90' title='bbox 565 861 767 913; x_wconf 78' lang='lat' dir='ltr'>deferant,</span> <span class='ocrx_word' id='word_1_91' title='bbox 811 861 859 902; x_wconf 89' lang='lat' dir='ltr'>ab</span> <span class='ocrx_word' id='word_1_92' title='bbox 880 874 1006 915; x_wconf 85' lang='lat' dir='ltr'>eoque</span> <span class='ocrx_word' id='word_1_93' title='bbox 1030 874 1151 902; x_wconf 86' lang='lat' dir='ltr'>verae</span> <span class='ocrx_word' id='word_1_94' title='bbox 1175 860 1261 902; x_wconf 81' lang='lat' dir='ltr'>fidei</span> <span class='ocrx_word' id='word_1_95' title='bbox 1286 860 1550 915; x_wconf 87' lang='lat' dir='ltr'>cognitionem</span> <span class='ocrx_word' id='word_1_96' title='bbox 1573 874 1643 916; x_wconf 88' lang='lat' dir='ltr'>po·</span> 
     </span>
     <span class='ocr_line' id='line_1_11' title="bbox 95 929 1644 986; baseline -0.002 -13"><span class='ocrx_word' id='word_1_97' title='bbox 95 929 269 983; x_wconf 53' lang='grc' dir='ltr'>Μαι,</span> <span class='ocrx_word' id='word_1_98' title='bbox 298 936 416 986; x_wconf 81' lang='lat' dir='ltr'>atque</span> <span class='ocrx_word' id='word_1_99' title='bbox 437 930 669 986; x_wconf 88' lang='lat' dir='ltr'>impetrent·</span> <span class='ocrx_word' id='word_1_100' title='bbox 711 936 754 971; x_wconf 90' lang='lat' dir='ltr'>ut</span> <span class='ocrx_word' id='word_1_101' title='bbox 778 943 828 971; x_wconf 92' lang='lat' dir='ltr'>ne</span> <span class='ocrx_word' id='word_1_102' title='bbox 852 943 1076 971; x_wconf 84' lang='lat' dir='ltr'>mensuram</span> <span class='ocrx_word' id='word_1_103' title='bbox 1101 929 1296 985; x_wconf 84' lang='lat' dir='ltr'>propriam</span> <span class='ocrx_word' id='word_1_104' title='bbox 1321 929 1539 980; x_wconf 79' lang='lat' dir='ltr'>excedant,</span> <span class='ocrx_word' id='word_1_105' title='bbox 1572 929 1644 970; x_wconf 90' lang='lat' dir='ltr'>sed</span> 
     </span>
     <span class='ocr_line' id='line_1_12' title="bbox 97 997 1644 1054; baseline -0.002 -12"><span class='ocrx_word' id='word_1_106' title='bbox 97 997 149 1042; x_wconf 57' lang='grc' dir='ltr'><strong><em>ὦ</em></strong></span> <span class='ocrx_word' id='word_1_107' title='bbox 168 1004 412 1044; x_wconf 65' lang='lat' dir='ltr'>accusatae</span> <span class='ocrx_word' id='word_1_108' title='bbox 441 998 584 1040; x_wconf 85' lang='lat' dir='ltr'>mentis</span> <span class='ocrx_word' id='word_1_109' title='bbox 616 998 761 1054; x_wconf 87' lang='lat' dir='ltr'>impetu</span> <span class='ocrx_word' id='word_1_110' title='bbox 793 998 1098 1052; x_wconf 79' lang='lat' dir='ltr'>conquiescant3</span> <span class='ocrx_word' id='word_1_111' title='bbox 1141 1010 1243 1038; x_wconf 84' lang='lat' dir='ltr'>neve</span> <span class='ocrx_word' id='word_1_112' title='bbox 1271 1010 1440 1039; x_wconf 86' lang='lat' dir='ltr'>accensa</span> <span class='ocrx_word' id='word_1_113' title='bbox 1462 997 1644 1039; x_wconf 83' lang='lat' dir='ltr'>incitata-</span> 
     </span>
     <span class='ocr_line' id='line_1_13' title="bbox 97 1065 1645 1142; baseline -0.001 -33"><span class='ocrx_word' id='word_1_114' title='bbox 97 1074 185 1122; x_wconf 65' lang='lat' dir='ltr'>qn</span> <span class='ocrx_word' id='word_1_115' title='bbox 197 1065 332 1122; x_wconf 58' lang='lat' dir='ltr'>lima</span> <span class='ocrx_word' id='word_1_116' title='bbox 351 1073 394 1109; x_wconf 84' lang='lat' dir='ltr'>et</span> <span class='ocrx_word' id='word_1_117' title='bbox 416 1066 726 1122; x_wconf 84' lang='lat' dir='ltr'>imprudentibus</span> <span class='ocrx_word' id='word_1_118' title='bbox 757 1065 1061 1142; x_wconf 66' lang='lat' dir='ltr'>cogitationibus</span> <span class='ocrx_word' id='word_1_119' title='bbox 1085 1065 1259 1121; x_wconf 83' lang='lat' dir='ltr'>argutari</span> <span class='ocrx_word' id='word_1_120' title='bbox 1283 1065 1420 1108; x_wconf 88' lang='lat' dir='ltr'>malint</span> <span class='ocrx_word' id='word_1_121' title='bbox 1440 1079 1554 1121; x_wconf 90' lang='lat' dir='ltr'>quam</span> <span class='ocrx_word' id='word_1_122' title='bbox 1579 1079 1645 1108; x_wconf 87' lang='lat' dir='ltr'>sa-</span> 
     </span>
    </p>
   </div>
   <div class='ocr_carea' id='block_1_3' title="bbox 98 1115 1934 1191">
    <p class='ocr_par' dir='ltr' id='par_1_3' title="bbox 98 1115 1934 1191">
     <span class='ocr_line' id='line_1_14' title="bbox 98 1115 1934 1191; baseline 0.002 -15"><span class='ocrx_word' id='word_1_123' title='bbox 98 1132 342 1190; x_wconf 71' lang='lat' dir='ltr'>pientissima</span> <span class='ocrx_word' id='word_1_124' title='bbox 362 1134 432 1177; x_wconf 90' lang='lat' dir='ltr'>illa</span> <span class='ocrx_word' id='word_1_125' title='bbox 449 1134 668 1191; x_wconf 71' lang='lat' dir='ltr'>scripturae</span> <span class='ocrx_word' id='word_1_126' title='bbox 690 1134 888 1177; x_wconf 89' lang='lat' dir='ltr'>sententia</span> <span class='ocrx_word' id='word_1_127' title='bbox 911 1134 1123 1190; x_wconf 85' lang='lat' dir='ltr'>castigari,</span> <span class='ocrx_word' id='word_1_128' title='bbox 1166 1136 1254 1175; x_wconf 76' lang='lat' dir='ltr'>Non</span> <span class='ocrx_word' id='word_1_129' title='bbox 1274 1148 1408 1188; x_wconf 78' lang='lat' dir='ltr'>sapere</span> <span class='ocrx_word' id='word_1_130' title='bbox 1421 1136 1514 1188; x_wconf 80' lang='lat' dir='ltr'>plus</span> <span class='ocrx_word' id='word_1_131' title='bbox 1533 1149 1643 1188; x_wconf 78' lang='lat' dir='ltr'>quam</span> <span class='ocrx_word' id='word_1_132' title='bbox 1662 1149 1710 1178; x_wconf 74' lang='lat' dir='ltr'>no</span> <span class='ocrx_word' id='word_1_133' title='bbox 1692 1159 1749 1179; x_wconf 74' lang='lat' dir='ltr'>on.</span> <span class='ocrx_word' id='word_1_134' title='bbox 1763 1151 1805 1185; x_wconf 77' lang='grc' dir='ltr'>η,</span> <span class='ocrx_word' id='word_1_135' title='bbox 1820 1151 1846 1179; x_wconf 77' lang='lat'><strong>³</strong></span> <span class='ocrx_word' id='word_1_136' title='bbox 1927 1115 1934 1124; x_wconf 38' lang='lat'>⁶</span> 
     </span>
    </p>
   </div>
   <div class='ocr_carea' id='block_1_4' title="bbox 99 1203 1643 1327">
    <p class='ocr_par' dir='ltr' id='par_1_4' title="bbox 99 1203 1643 1327">
     <span class='ocr_line' id='line_1_15' title="bbox 99 1203 1050 1257; baseline -0.002 -12"><span class='ocrx_word' id='word_1_137' title='bbox 99 1209 250 1257; x_wconf 69' lang='lat' dir='ltr'>apuu-tce</span> <span class='ocrx_word' id='word_1_138' title='bbox 273 1215 432 1256; x_wconf 59' lang='lat' dir='ltr'>amre,</span> <span class='ocrx_word' id='word_1_139' title='bbox 463 1205 532 1244; x_wconf 71' lang='lat' dir='ltr'>sed</span> <span class='ocrx_word' id='word_1_140' title='bbox 557 1217 691 1257; x_wconf 78' lang='lat' dir='ltr'>supere</span> <span class='ocrx_word' id='word_1_141' title='bbox 717 1205 771 1243; x_wconf 80' lang='lat' dir='ltr'>ad</span> <span class='ocrx_word' id='word_1_142' title='bbox 796 1203 1050 1244; x_wconf 76' lang='lat' dir='ltr'>sobrietatem.</span> 
     </span>
     <span class='ocr_line' id='line_1_16' title="bbox 211 1267 1643 1327; baseline 0.001 -15"><span class='ocrx_word' id='word_1_143' title='bbox 211 1269 322 1312; x_wconf 75' lang='lat' dir='ltr'>Astii</span> <span class='ocrx_word' id='word_1_144' title='bbox 347 1267 477 1327; x_wconf 91' lang='lat' dir='ltr'>Caput</span> <span class='ocrx_word' id='word_1_145' title='bbox 497 1268 688 1313; x_wconf 75' lang='lat' dir='ltr'>XXXII.</span> <span class='ocrx_word' id='word_1_146' title='bbox 750 1268 796 1313; x_wconf 91' lang='lat' dir='ltr'>Si</span> <span class='ocrx_word' id='word_1_147' title='bbox 824 1272 865 1312; x_wconf 87' lang='lat' dir='ltr'>in</span> <span class='ocrx_word' id='word_1_148' title='bbox 891 1271 1065 1326; x_wconf 86' lang='lat' dir='ltr'>ingenita</span> <span class='ocrx_word' id='word_1_149' title='bbox 1099 1278 1241 1313; x_wconf 90' lang='lat' dir='ltr'>natura</span> <span class='ocrx_word' id='word_1_150' title='bbox 1273 1278 1506 1327; x_wconf 83' lang='lat' dir='ltr'>perseverat</span> <span class='ocrx_word' id='word_1_151' title='bbox 1529 1271 1643 1325; x_wconf 87' lang='lat' dir='ltr'>deus,</span> 
     </span>
    </p>
   </div>
   <div class='ocr_carea' id='block_1_5' title="bbox 98 1338 1648 2963">
    <p class='ocr_par' dir='ltr' id='par_1_5' title="bbox 98 1338 1648 2133">
     <span class='ocr_line' id='line_1_17' title="bbox 99 1338 1646 1395; baseline 0.001 -14"><span class='ocrx_word' id='word_1_152' title='bbox 99 1338 380 1382; x_wconf 81' lang='lat' dir='ltr'>detrabendum</span> <span class='ocrx_word' id='word_1_153' title='bbox 404 1338 478 1380; x_wconf 90' lang='lat' dir='ltr'>boc</span> <span class='ocrx_word' id='word_1_154' title='bbox 497 1338 534 1380; x_wconf 93' lang='lat' dir='ltr'>ei</span> <span class='ocrx_word' id='word_1_155' title='bbox 556 1345 644 1391; x_wconf 89' lang='lat' dir='ltr'>est,</span> <span class='ocrx_word' id='word_1_156' title='bbox 684 1346 727 1381; x_wconf 91' lang='lat' dir='ltr'>ut</span> <span class='ocrx_word' id='word_1_157' title='bbox 748 1339 932 1395; x_wconf 84' lang='lat' dir='ltr'>generari</span> <span class='ocrx_word' id='word_1_158' title='bbox 952 1353 995 1381; x_wconf 91' lang='lat' dir='ltr'>se</span> <span class='ocrx_word' id='word_1_159' title='bbox 1014 1346 1130 1395; x_wconf 89' lang='lat' dir='ltr'>atque</span> <span class='ocrx_word' id='word_1_160' title='bbox 1149 1338 1365 1394; x_wconf 86' lang='lat' dir='ltr'>ingenitum</span> <span class='ocrx_word' id='word_1_161' title='bbox 1387 1353 1477 1382; x_wconf 88' lang='lat' dir='ltr'>esse</span> <span class='ocrx_word' id='word_1_162' title='bbox 1497 1354 1646 1395; x_wconf 80' lang='lat' dir='ltr'>coguo-</span> 
     </span>
     <span class='ocr_line' id='line_1_18' title="bbox 98 1404 1644 1464; baseline 0 -14"><span class='ocrx_word' id='word_1_163' title='bbox 98 1413 200 1450; x_wconf 76' lang='lat' dir='ltr'>scat.</span> <span class='ocrx_word' id='word_1_164' title='bbox 259 1404 377 1462; x_wconf 79' lang='lat' dir='ltr'>Quod</span> <span class='ocrx_word' id='word_1_165' title='bbox 401 1406 437 1450; x_wconf 91' lang='lat' dir='ltr'>si</span> <span class='ocrx_word' id='word_1_166' title='bbox 458 1406 495 1448; x_wconf 90' lang='lat' dir='ltr'>id</span> <span class='ocrx_word' id='word_1_167' title='bbox 523 1407 579 1449; x_wconf 87' lang='lat' dir='ltr'>illi</span> <span class='ocrx_word' id='word_1_168' title='bbox 605 1407 742 1459; x_wconf 87' lang='lat' dir='ltr'>detur,</span> <span class='ocrx_word' id='word_1_169' title='bbox 786 1414 828 1448; x_wconf 93' lang='lat' dir='ltr'>ut</span> <span class='ocrx_word' id='word_1_170' title='bbox 858 1420 929 1464; x_wconf 87' lang='lat' dir='ltr'>per</span> <span class='ocrx_word' id='word_1_171' title='bbox 953 1406 1076 1463; x_wconf 79' lang='lat' dir='ltr'>geniti</span> <span class='ocrx_word' id='word_1_172' title='bbox 1107 1407 1349 1463; x_wconf 82' lang='lat' dir='ltr'>ingenitique</span> <span class='ocrx_word' id='word_1_173' title='bbox 1380 1408 1644 1450; x_wconf 89' lang='lat' dir='ltr'>conditionem</span> 
     </span>
     <span class='ocr_line' id='line_1_19' title="bbox 98 1474 1644 1532; baseline -0.001 -13"><span class='ocrx_word' id='word_1_174' title='bbox 98 1474 205 1519; x_wconf 74' lang='lat' dir='ltr'>itti-s</span> <span class='ocrx_word' id='word_1_175' title='bbox 231 1481 371 1518; x_wconf 77' lang='lat' dir='ltr'>natura</span> <span class='ocrx_word' id='word_1_176' title='bbox 402 1475 651 1527; x_wconf 79' lang='lat' dir='ltr'>traducatur,</span> <span class='ocrx_word' id='word_1_177' title='bbox 699 1475 958 1517; x_wconf 76' lang='lat' dir='ltr'>substantiam</span> <span class='ocrx_word' id='word_1_178' title='bbox 988 1475 1073 1532; x_wconf 90' lang='lat' dir='ltr'>ipse</span> <span class='ocrx_word' id='word_1_179' title='bbox 1104 1489 1215 1517; x_wconf 87' lang='lat' dir='ltr'>suam</span> <span class='ocrx_word' id='word_1_180' title='bbox 1247 1475 1428 1530; x_wconf 83' lang='lat' dir='ltr'>ignorat,</span> <span class='ocrx_word' id='word_1_181' title='bbox 1473 1490 1561 1518; x_wconf 87' lang='lat' dir='ltr'>cum</span> <span class='ocrx_word' id='word_1_182' title='bbox 1595 1476 1644 1518; x_wconf 88' lang='lat' dir='ltr'>ab</span> 
     </span>
     <span class='ocr_line' id='line_1_20' title="bbox 99 1542 1645 1601; baseline -0.001 -13"><span class='ocrx_word' id='word_1_183' title='bbox 99 1550 291 1601; x_wconf 72' lang='lat' dir='ltr'>utraque,</span> <span class='ocrx_word' id='word_1_184' title='bbox 331 1543 454 1599; x_wconf 78' lang='lat' dir='ltr'>geniti</span> <span class='ocrx_word' id='word_1_185' title='bbox 489 1543 643 1586; x_wconf 91' lang='lat' dir='ltr'>scilicet</span> <span class='ocrx_word' id='word_1_186' title='bbox 678 1550 794 1600; x_wconf 86' lang='lat' dir='ltr'>atque</span> <span class='ocrx_word' id='word_1_187' title='bbox 827 1544 1015 1600; x_wconf 87' lang='lat' dir='ltr'>ingeniti,</span> <span class='ocrx_word' id='word_1_188' title='bbox 1063 1543 1250 1599; x_wconf 83' lang='lat' dir='ltr'>qualitate</span> <span class='ocrx_word' id='word_1_189' title='bbox 1280 1543 1535 1586; x_wconf 81' lang='lat' dir='ltr'>distrahatur.</span> <span class='ocrx_word' id='word_1_190' title='bbox 1597 1542 1645 1587; x_wconf 93' lang='lat' dir='ltr'>Si</span> 
     </span>
     <span class='ocr_line' id='line_1_21' title="bbox 99 1610 1647 1669; baseline -0.001 -14"><span class='ocrx_word' id='word_1_191' title='bbox 99 1625 197 1658; x_wconf 76' lang='lat' dir='ltr'>veto</span> <span class='ocrx_word' id='word_1_192' title='bbox 214 1610 391 1668; x_wconf 69' lang='lat' dir='ltr'>genitum</span> <span class='ocrx_word' id='word_1_193' title='bbox 421 1612 659 1654; x_wconf 86' lang='lat' dir='ltr'>conditionis</span> <span class='ocrx_word' id='word_1_194' title='bbox 692 1611 855 1667; x_wconf 83' lang='lat' dir='ltr'>ingeniti</span> <span class='ocrx_word' id='word_1_195' title='bbox 888 1613 1086 1669; x_wconf 86' lang='lat' dir='ltr'>particeps</span> <span class='ocrx_word' id='word_1_196' title='bbox 1119 1618 1205 1663; x_wconf 86' lang='lat' dir='ltr'>est,</span> <span class='ocrx_word' id='word_1_197' title='bbox 1249 1618 1289 1653; x_wconf 88' lang='lat' dir='ltr'>et</span> <span class='ocrx_word' id='word_1_198' title='bbox 1320 1612 1484 1668; x_wconf 83' lang='lat' dir='ltr'>ingeniti</span> <span class='ocrx_word' id='word_1_199' title='bbox 1506 1619 1647 1655; x_wconf 90' lang='lat' dir='ltr'>natura</span> 
     </span>
     <span class='ocr_line' id='line_1_22' title="bbox 99 1679 1645 1738; baseline 0 -15"><span class='ocrx_word' id='word_1_200' title='bbox 99 1686 288 1738; x_wconf 74' lang='lat' dir='ltr'>perpetuo</span> <span class='ocrx_word' id='word_1_201' title='bbox 313 1686 467 1733; x_wconf 81' lang='lat' dir='ltr'>manet,</span> <span class='ocrx_word' id='word_1_202' title='bbox 500 1694 667 1723; x_wconf 88' lang='lat' dir='ltr'>necesse</span> <span class='ocrx_word' id='word_1_203' title='bbox 692 1687 754 1723; x_wconf 87' lang='lat' dir='ltr'>est</span> <span class='ocrx_word' id='word_1_204' title='bbox 776 1689 818 1722; x_wconf 92' lang='lat' dir='ltr'>ut</span> <span class='ocrx_word' id='word_1_205' title='bbox 841 1694 886 1722; x_wconf 87' lang='lat' dir='ltr'>se</span> <span class='ocrx_word' id='word_1_206' title='bbox 910 1681 1141 1737; x_wconf 79' lang='lat' dir='ltr'>imperfecta</span> <span class='ocrx_word' id='word_1_207' title='bbox 1163 1681 1202 1722; x_wconf 91' lang='lat' dir='ltr'>iu</span> <span class='ocrx_word' id='word_1_208' title='bbox 1228 1687 1367 1722; x_wconf 88' lang='lat' dir='ltr'>natura</span> <span class='ocrx_word' id='word_1_209' title='bbox 1390 1679 1645 1723; x_wconf 88' lang='lat' dir='ltr'>constitutum</span> 
     </span>
     <span class='ocr_line' id='line_1_23' title="bbox 100 1747 1646 1805; baseline -0.001 -13"><span class='ocrx_word' id='word_1_210' title='bbox 100 1754 313 1805; x_wconf 54' lang='lat' dir='ltr'>gamat,</span> <span class='ocrx_word' id='word_1_211' title='bbox 358 1756 400 1791; x_wconf 87' lang='lat' dir='ltr'>et</span> <span class='ocrx_word' id='word_1_212' title='bbox 430 1748 536 1790; x_wconf 91' lang='lat' dir='ltr'>illam</span> <span class='ocrx_word' id='word_1_213' title='bbox 571 1748 736 1805; x_wconf 86' lang='lat' dir='ltr'>ingeniti</span> <span class='ocrx_word' id='word_1_214' title='bbox 768 1748 1080 1791; x_wconf 84' lang='lat' dir='ltr'>communionem</span> <span class='ocrx_word' id='word_1_215' title='bbox 1118 1748 1289 1804; x_wconf 81' lang='lat' dir='ltr'>ignoret.</span> <span class='ocrx_word' id='word_1_216' title='bbox 1359 1747 1503 1805; x_wconf 84' lang='lat' dir='ltr'>Neque</span> <span class='ocrx_word' id='word_1_217' title='bbox 1539 1749 1646 1791; x_wconf 89' lang='lat' dir='ltr'>enim</span> 
     </span>
     <span class='ocr_line' id='line_1_24' title="bbox 99 1815 1648 1873; baseline -0.001 -12"><span class='ocrx_word' id='word_1_218' title='bbox 99 1816 203 1861; x_wconf 72' lang='lat' dir='ltr'>iden</span> <span class='ocrx_word' id='word_1_219' title='bbox 234 1816 285 1861; x_wconf 77' lang='lat' dir='ltr'>de</span> <span class='ocrx_word' id='word_1_220' title='bbox 312 1829 358 1859; x_wconf 88' lang='lat' dir='ltr'>se</span> <span class='ocrx_word' id='word_1_221' title='bbox 383 1815 470 1872; x_wconf 89' lang='lat' dir='ltr'>ipso</span> <span class='ocrx_word' id='word_1_222' title='bbox 500 1823 542 1858; x_wconf 91' lang='lat' dir='ltr'>et</span> <span class='ocrx_word' id='word_1_223' title='bbox 561 1817 759 1873; x_wconf 82' lang='lat' dir='ltr'>ingenitae</span> <span class='ocrx_word' id='word_1_224' title='bbox 789 1817 1033 1860; x_wconf 87' lang='lat' dir='ltr'>substantiae</span> <span class='ocrx_word' id='word_1_225' title='bbox 1067 1824 1109 1859; x_wconf 90' lang='lat' dir='ltr'>et</span> <span class='ocrx_word' id='word_1_226' title='bbox 1131 1817 1288 1872; x_wconf 84' lang='lat' dir='ltr'>genitae</span> <span class='ocrx_word' id='word_1_227' title='bbox 1316 1817 1491 1860; x_wconf 88' lang='lat' dir='ltr'>notitiam</span> <span class='ocrx_word' id='word_1_228' title='bbox 1521 1817 1648 1860; x_wconf 79' lang='lat' dir='ltr'>infor-</span> 
     </span>
     <span class='ocr_line' id='line_1_25' title="bbox 98 1882 1647 1943; baseline -0.001 -14"><span class='ocrx_word' id='word_1_229' title='bbox 98 1897 214 1929; x_wconf 68' lang='lat' dir='ltr'>nan</span> <span class='ocrx_word' id='word_1_230' title='bbox 224 1890 370 1943; x_wconf 79' lang='lat' dir='ltr'>potest.</span> <span class='ocrx_word' id='word_1_231' title='bbox 433 1882 512 1926; x_wconf 89' lang='lat' dir='ltr'>lam</span> <span class='ocrx_word' id='word_1_232' title='bbox 539 1898 637 1927; x_wconf 84' lang='lat' dir='ltr'>vero</span> <span class='ocrx_word' id='word_1_233' title='bbox 658 1885 692 1927; x_wconf 91' lang='lat' dir='ltr'>si</span> <span class='ocrx_word' id='word_1_234' title='bbox 714 1885 876 1942; x_wconf 77' lang='lat' dir='ltr'>ingeniti</span> <span class='ocrx_word' id='word_1_235' title='bbox 902 1886 1120 1942; x_wconf 88' lang='lat' dir='ltr'>proprietas</span> <span class='ocrx_word' id='word_1_236' title='bbox 1142 1885 1243 1928; x_wconf 89' lang='lat' dir='ltr'>levis</span> <span class='ocrx_word' id='word_1_237' title='bbox 1266 1892 1328 1927; x_wconf 90' lang='lat' dir='ltr'>est</span> <span class='ocrx_word' id='word_1_238' title='bbox 1349 1900 1395 1928; x_wconf 88' lang='lat' dir='ltr'>ac</span> <span class='ocrx_word' id='word_1_239' title='bbox 1418 1885 1566 1927; x_wconf 90' lang='lat' dir='ltr'>minimi</span> <span class='ocrx_word' id='word_1_240' title='bbox 1589 1886 1647 1928; x_wconf 85' lang='lat' dir='ltr'>l&#39;a-</span> 
     </span>
     <span class='ocr_line' id='line_1_26' title="bbox 99 1953 1646 2010; baseline -0.001 -12"><span class='ocrx_word' id='word_1_241' title='bbox 99 1953 263 2006; x_wconf 71' lang='lat' dir='ltr'>cienda,</span> <span class='ocrx_word' id='word_1_242' title='bbox 305 1953 407 2009; x_wconf 85' lang='lat' dir='ltr'>quod</span> <span class='ocrx_word' id='word_1_243' title='bbox 438 1953 478 1995; x_wconf 89' lang='lat' dir='ltr'>in</span> <span class='ocrx_word' id='word_1_244' title='bbox 507 1954 762 1996; x_wconf 78' lang='lat' dir='ltr'>mutationem</span> <span class='ocrx_word' id='word_1_245' title='bbox 797 1954 982 2010; x_wconf 82' lang='lat' dir='ltr'>proclivis</span> <span class='ocrx_word' id='word_1_246' title='bbox 1016 1954 1092 2006; x_wconf 91' lang='lat' dir='ltr'>sit,</span> <span class='ocrx_word' id='word_1_247' title='bbox 1142 1953 1393 1996; x_wconf 89' lang='lat' dir='ltr'>immutabilis</span> <span class='ocrx_word' id='word_1_248' title='bbox 1424 1953 1646 1996; x_wconf 78' lang='lat' dir='ltr'>substantia</span> 
     </span>
     <span class='ocr_line' id='line_1_27' title="bbox 101 2021 1645 2079; baseline 0 -15"><span class='ocrx_word' id='word_1_249' title='bbox 101 2027 267 2065; x_wconf 72' lang='lat' dir='ltr'>naturae</span> <span class='ocrx_word' id='word_1_250' title='bbox 290 2021 478 2077; x_wconf 83' lang='lat' dir='ltr'>quaedam</span> <span class='ocrx_word' id='word_1_251' title='bbox 502 2021 672 2077; x_wconf 77' lang='lat' dir='ltr'>dignitas</span> <span class='ocrx_word' id='word_1_252' title='bbox 691 2029 776 2075; x_wconf 90' lang='lat' dir='ltr'>est,</span> <span class='ocrx_word' id='word_1_253' title='bbox 808 2037 894 2065; x_wconf 87' lang='lat' dir='ltr'>cum</span> <span class='ocrx_word' id='word_1_254' title='bbox 917 2023 1092 2079; x_wconf 85' lang='lat' dir='ltr'>ingenita</span> <span class='ocrx_word' id='word_1_255' title='bbox 1113 2022 1334 2065; x_wconf 86' lang='lat' dir='ltr'>substantia</span> <span class='ocrx_word' id='word_1_256' title='bbox 1354 2022 1527 2065; x_wconf 89' lang='lat' dir='ltr'>omnium</span> <span class='ocrx_word' id='word_1_257' title='bbox 1549 2037 1645 2064; x_wconf 89' lang='lat' dir='ltr'>con-</span> 
     </span>
     <span class='ocr_line' id='line_1_28' title="bbox 101 2089 918 2133; baseline 0 -2"><span class='ocrx_word' id='word_1_258' title='bbox 101 2089 272 2133; x_wconf 70' lang='lat' dir='ltr'>tensione</span> <span class='ocrx_word' id='word_1_259' title='bbox 301 2089 455 2132; x_wconf 79' lang='lat' dir='ltr'>caussis</span> <span class='ocrx_word' id='word_1_260' title='bbox 483 2089 664 2132; x_wconf 82' lang='lat' dir='ltr'>omnibus</span> <span class='ocrx_word' id='word_1_261' title='bbox 693 2090 918 2133; x_wconf 87' lang='lat' dir='ltr'>antecellat.</span> 
     </span>
    </p>

    <p class='ocr_par' dir='ltr' id='par_1_6' title="bbox 100 2154 1647 2963">
     <span class='ocr_line' id='line_1_29' title="bbox 213 2154 1645 2215; baseline -0.001 -14"><span class='ocrx_word' id='word_1_262' title='bbox 213 2154 378 2202; x_wconf 73' lang='lat' dir='ltr'>contat.</span> <span class='ocrx_word' id='word_1_263' title='bbox 402 2158 566 2200; x_wconf 85' lang='lat' dir='ltr'>xxxtt.</span> <span class='ocrx_word' id='word_1_264' title='bbox 628 2159 660 2200; x_wconf 88' lang='grc' dir='ltr'>Ι.</span> <span class='ocrx_word' id='word_1_265' title='bbox 690 2156 853 2201; x_wconf 87' lang='lat' dir='ltr'>Nemini</span> <span class='ocrx_word' id='word_1_266' title='bbox 873 2159 1030 2202; x_wconf 88' lang='lat' dir='ltr'>dubium</span> <span class='ocrx_word' id='word_1_267' title='bbox 1051 2165 1112 2201; x_wconf 88' lang='lat' dir='ltr'>est</span> <span class='ocrx_word' id='word_1_268' title='bbox 1132 2158 1226 2215; x_wconf 93' lang='lat' dir='ltr'>quin</span> <span class='ocrx_word' id='word_1_269' title='bbox 1244 2159 1421 2215; x_wconf 81' lang='lat' dir='ltr'>ingenita</span> <span class='ocrx_word' id='word_1_270' title='bbox 1440 2159 1479 2201; x_wconf 92' lang='lat' dir='ltr'>in</span> <span class='ocrx_word' id='word_1_271' title='bbox 1502 2165 1645 2201; x_wconf 89' lang='lat' dir='ltr'>natura</span> 
     </span>
     <span class='ocr_line' id='line_1_30' title="bbox 100 2226 1642 2283; baseline -0.001 -13"><span class='ocrx_word' id='word_1_272' title='bbox 100 2226 198 2270; x_wconf 71' lang='lat' dir='ltr'>deus</span> <span class='ocrx_word' id='word_1_273' title='bbox 226 2232 480 2283; x_wconf 82' lang='lat' dir='ltr'>perseveret,</span> <span class='ocrx_word' id='word_1_274' title='bbox 526 2232 661 2282; x_wconf 86' lang='lat' dir='ltr'>pater,</span> <span class='ocrx_word' id='word_1_275' title='bbox 704 2227 769 2281; x_wconf 85' lang='lat' dir='ltr'>qui</span> <span class='ocrx_word' id='word_1_276' title='bbox 794 2226 842 2269; x_wconf 87' lang='lat' dir='ltr'>de</span> <span class='ocrx_word' id='word_1_277' title='bbox 866 2227 987 2270; x_wconf 85' lang='lat' dir='ltr'>nihilo</span> <span class='ocrx_word' id='word_1_278' title='bbox 1019 2227 1170 2270; x_wconf 88' lang='lat' dir='ltr'>creavit</span> <span class='ocrx_word' id='word_1_279' title='bbox 1191 2242 1238 2270; x_wconf 87' lang='lat' dir='ltr'>ac</span> <span class='ocrx_word' id='word_1_280' title='bbox 1260 2227 1465 2270; x_wconf 78' lang='lat' dir='ltr'>fabricavit</span> <span class='ocrx_word' id='word_1_281' title='bbox 1494 2227 1642 2279; x_wconf 86' lang='lat' dir='ltr'>omnia,</span> 
     </span>
     <span class='ocr_line' id='line_1_31' title="bbox 101 2293 1645 2352; baseline -0.002 -13"><span class='ocrx_word' id='word_1_282' title='bbox 101 2294 219 2342; x_wconf 74' lang='lat' dir='ltr'>sttn-</span> <span class='ocrx_word' id='word_1_283' title='bbox 248 2307 346 2337; x_wconf 79' lang='lat' dir='ltr'>vero</span> <span class='ocrx_word' id='word_1_284' title='bbox 373 2293 746 2336; x_wconf 85' lang='lat' dir='ltr'>consubstantialem</span> <span class='ocrx_word' id='word_1_285' title='bbox 771 2307 795 2336; x_wconf 84' lang='lat' dir='ltr'>c</span> <span class='ocrx_word' id='word_1_286' title='bbox 814 2295 970 2350; x_wconf 87' lang='lat' dir='ltr'>seipso,</span> <span class='ocrx_word' id='word_1_287' title='bbox 1017 2303 1135 2352; x_wconf 87' lang='lat' dir='ltr'>atque</span> <span class='ocrx_word' id='word_1_288' title='bbox 1168 2296 1392 2338; x_wconf 83' lang='lat' dir='ltr'>aeternitati</span> <span class='ocrx_word' id='word_1_289' title='bbox 1421 2308 1519 2338; x_wconf 86' lang='lat' dir='ltr'>suae</span> <span class='ocrx_word' id='word_1_290' title='bbox 1549 2309 1645 2337; x_wconf 91' lang='lat' dir='ltr'>con-</span> 
     </span>
     <span class='ocr_line' id='line_1_32' title="bbox 101 2362 1645 2421; baseline -0.001 -16"><span class='ocrx_word' id='word_1_291' title='bbox 101 2369 308 2420; x_wconf 62' lang='lat' dir='ltr'>gruentem</span> <span class='ocrx_word' id='word_1_292' title='bbox 340 2362 499 2418; x_wconf 74' lang='lat' dir='ltr'>genuit3</span> <span class='ocrx_word' id='word_1_293' title='bbox 540 2374 613 2403; x_wconf 87' lang='lat' dir='ltr'>uec</span> <span class='ocrx_word' id='word_1_294' title='bbox 643 2375 722 2404; x_wconf 92' lang='lat' dir='ltr'>uon</span> <span class='ocrx_word' id='word_1_295' title='bbox 747 2369 787 2404; x_wconf 87' lang='lat' dir='ltr'>et</span> <span class='ocrx_word' id='word_1_296' title='bbox 809 2363 987 2419; x_wconf 86' lang='lat' dir='ltr'>spiritum</span> <span class='ocrx_word' id='word_1_297' title='bbox 1017 2371 1193 2407; x_wconf 86' lang='lat' dir='ltr'>sanctum</span> <span class='ocrx_word' id='word_1_298' title='bbox 1221 2378 1243 2406; x_wconf 91' lang='lat' dir='ltr'>e</span> <span class='ocrx_word' id='word_1_299' title='bbox 1264 2364 1397 2421; x_wconf 87' lang='lat' dir='ltr'>seipso</span> <span class='ocrx_word' id='word_1_300' title='bbox 1428 2363 1645 2420; x_wconf 85' lang='lat' dir='ltr'>proceden-</span> 
     </span>
     <span class='ocr_line' id='line_1_33' title="bbox 100 2429 1644 2488; baseline -0.002 -13"><span class='ocrx_word' id='word_1_301' title='bbox 100 2437 209 2483; x_wconf 75' lang='lat' dir='ltr'>tem,</span> <span class='ocrx_word' id='word_1_302' title='bbox 254 2437 297 2473; x_wconf 84' lang='lat' dir='ltr'>et</span> <span class='ocrx_word' id='word_1_303' title='bbox 324 2429 500 2473; x_wconf 81' lang='lat' dir='ltr'>eiusdem</span> <span class='ocrx_word' id='word_1_304' title='bbox 536 2429 780 2473; x_wconf 85' lang='lat' dir='ltr'>substantiae</span> <span class='ocrx_word' id='word_1_305' title='bbox 812 2432 1074 2474; x_wconf 89' lang='lat' dir='ltr'>communioni</span> <span class='ocrx_word' id='word_1_306' title='bbox 1111 2445 1308 2488; x_wconf 84' lang='lat' dir='ltr'>peraeque</span> <span class='ocrx_word' id='word_1_307' title='bbox 1341 2431 1644 2474; x_wconf 87' lang='lat' dir='ltr'>convenientem</span> 
     </span>
     <span class='ocr_line' id='line_1_34' title="bbox 104 2496 1645 2556; baseline -0.001 -14"><span class='ocrx_word' id='word_1_308' title='bbox 104 2497 305 2556; x_wconf 81' lang='lat' dir='ltr'>produxit.</span> <span class='ocrx_word' id='word_1_309' title='bbox 364 2496 480 2553; x_wconf 82' lang='lat' dir='ltr'>Quod</span> <span class='ocrx_word' id='word_1_310' title='bbox 505 2504 638 2540; x_wconf 90' lang='lat' dir='ltr'>autem</span> <span class='ocrx_word' id='word_1_311' title='bbox 668 2498 806 2540; x_wconf 89' lang='lat' dir='ltr'>eadem</span> <span class='ocrx_word' id='word_1_312' title='bbox 828 2498 894 2540; x_wconf 89' lang='lat' dir='ltr'>illa</span> <span class='ocrx_word' id='word_1_313' title='bbox 914 2498 1071 2542; x_wconf 82' lang='lat' dir='ltr'>trinitas</span> <span class='ocrx_word' id='word_1_314' title='bbox 1091 2514 1347 2556; x_wconf 85' lang='lat' dir='ltr'>quaecunque</span> <span class='ocrx_word' id='word_1_315' title='bbox 1369 2507 1461 2543; x_wconf 90' lang='lat' dir='ltr'>suut</span> <span class='ocrx_word' id='word_1_316' title='bbox 1481 2513 1503 2542; x_wconf 91' lang='lat' dir='ltr'>e</span> <span class='ocrx_word' id='word_1_317' title='bbox 1523 2499 1645 2541; x_wconf 80' lang='lat' dir='ltr'>nihilo</span> 
     </span>
     <span class='ocr_line' id='line_1_35' title="bbox 104 2565 1646 2624; baseline -0.001 -14"><span class='ocrx_word' id='word_1_318' title='bbox 104 2566 354 2624; x_wconf 79' lang='lat' dir='ltr'>procreavit,</span> <span class='ocrx_word' id='word_1_319' title='bbox 403 2572 480 2607; x_wconf 85' lang='lat' dir='ltr'>tam</span> <span class='ocrx_word' id='word_1_320' title='bbox 503 2565 753 2621; x_wconf 89' lang='lat' dir='ltr'>aspectabilia</span> <span class='ocrx_word' id='word_1_321' title='bbox 779 2579 892 2621; x_wconf 91' lang='lat' dir='ltr'>quam</span> <span class='ocrx_word' id='word_1_322' title='bbox 915 2580 1015 2622; x_wconf 86' lang='lat' dir='ltr'>quae</span> <span class='ocrx_word' id='word_1_323' title='bbox 1037 2574 1236 2623; x_wconf 85' lang='lat' dir='ltr'>aspectum</span> <span class='ocrx_word' id='word_1_324' title='bbox 1265 2568 1438 2622; x_wconf 82' lang='lat' dir='ltr'>lugiunt,</span> <span class='ocrx_word' id='word_1_325' title='bbox 1482 2581 1561 2609; x_wconf 89' lang='lat' dir='ltr'>non</span> <span class='ocrx_word' id='word_1_326' title='bbox 1588 2567 1646 2608; x_wconf 89' lang='lat' dir='ltr'>id·</span> 
     </span>
     <span class='ocr_line' id='line_1_36' title="bbox 104 2633 1647 2691; baseline -0.002 -12"><span class='ocrx_word' id='word_1_327' title='bbox 104 2634 212 2679; x_wconf 78' lang='lat' dir='ltr'>eirco</span> <span class='ocrx_word' id='word_1_328' title='bbox 240 2634 279 2677; x_wconf 87' lang='lat' dir='ltr'>id</span> <span class='ocrx_word' id='word_1_329' title='bbox 302 2633 427 2691; x_wconf 84' lang='lat' dir='ltr'>ipsum</span> <span class='ocrx_word' id='word_1_330' title='bbox 459 2633 560 2690; x_wconf 89' lang='lat' dir='ltr'>quod</span> <span class='ocrx_word' id='word_1_331' title='bbox 594 2633 750 2675; x_wconf 84' lang='lat' dir='ltr'>divinae</span> <span class='ocrx_word' id='word_1_332' title='bbox 781 2634 973 2676; x_wconf 85' lang='lat' dir='ltr'>maiestati</span> <span class='ocrx_word' id='word_1_333' title='bbox 1008 2642 1315 2677; x_wconf 86' lang='lat' dir='ltr'>consentaneum</span> <span class='ocrx_word' id='word_1_334' title='bbox 1349 2642 1432 2687; x_wconf 88' lang='lat' dir='ltr'>est,</span> <span class='ocrx_word' id='word_1_335' title='bbox 1481 2635 1555 2676; x_wconf 91' lang='lat' dir='ltr'>boc</span> <span class='ocrx_word' id='word_1_336' title='bbox 1587 2642 1647 2676; x_wconf 87' lang='lat' dir='ltr'>est</span> 
     </span>
     <span class='ocr_line' id='line_1_37' title="bbox 105 2701 1645 2759; baseline -0.002 -12"><span class='ocrx_word' id='word_1_337' title='bbox 105 2701 315 2747; x_wconf 74' lang='lat' dir='ltr'>existentis</span> <span class='ocrx_word' id='word_1_338' title='bbox 337 2702 575 2754; x_wconf 85' lang='lat' dir='ltr'>aeternitas,</span> <span class='ocrx_word' id='word_1_339' title='bbox 621 2702 772 2745; x_wconf 87' lang='lat' dir='ltr'>recenti</span> <span class='ocrx_word' id='word_1_340' title='bbox 795 2701 861 2743; x_wconf 88' lang='lat' dir='ltr'>illa</span> <span class='ocrx_word' id='word_1_341' title='bbox 881 2707 1099 2745; x_wconf 80' lang='lat' dir='ltr'>creatarum</span> <span class='ocrx_word' id='word_1_342' title='bbox 1122 2717 1252 2746; x_wconf 88' lang='lat' dir='ltr'>rerum</span> <span class='ocrx_word' id='word_1_343' title='bbox 1277 2702 1525 2759; x_wconf 83' lang='lat' dir='ltr'>appellationi</span> <span class='ocrx_word' id='word_1_344' title='bbox 1553 2702 1645 2744; x_wconf 87' lang='lat' dir='ltr'>sub-</span> 
     </span>
     <span class='ocr_line' id='line_1_38' title="bbox 106 2767 1646 2827; baseline -0.001 -12"><span class='ocrx_word' id='word_1_345' title='bbox 106 2770 288 2815; x_wconf 69' lang='lat' dir='ltr'>trabitur.</span> <span class='ocrx_word' id='word_1_346' title='bbox 342 2767 448 2813; x_wconf 85' lang='lat' dir='ltr'>Nam</span> <span class='ocrx_word' id='word_1_347' title='bbox 470 2770 518 2812; x_wconf 90' lang='lat' dir='ltr'>ab</span> <span class='ocrx_word' id='word_1_348' title='bbox 538 2770 701 2813; x_wconf 87' lang='lat' dir='ltr'>istarum</span> <span class='ocrx_word' id='word_1_349' title='bbox 725 2769 948 2812; x_wconf 87' lang='lat' dir='ltr'>conditione</span> <span class='ocrx_word' id='word_1_350' title='bbox 970 2783 1119 2813; x_wconf 84' lang='lat' dir='ltr'>summa</span> <span class='ocrx_word' id='word_1_351' title='bbox 1142 2771 1205 2813; x_wconf 85' lang='lat' dir='ltr'>illa</span> <span class='ocrx_word' id='word_1_352' title='bbox 1223 2770 1440 2813; x_wconf 87' lang='lat' dir='ltr'>substantia</span> <span class='ocrx_word' id='word_1_353' title='bbox 1463 2784 1510 2813; x_wconf 89' lang='lat' dir='ltr'>ac</span> <span class='ocrx_word' id='word_1_354' title='bbox 1532 2784 1646 2827; x_wconf 84' lang='lat' dir='ltr'>prae-</span> 
     </span>
     <span class='ocr_line' id='line_1_39' title="bbox 107 2837 1646 2894; baseline -0.001 -11"><span class='ocrx_word' id='word_1_355' title='bbox 107 2838 254 2883; x_wconf 69' lang='lat' dir='ltr'>mue-s</span> <span class='ocrx_word' id='word_1_356' title='bbox 290 2838 502 2891; x_wconf 77' lang='lat' dir='ltr'>eximitur,</span> <span class='ocrx_word' id='word_1_357' title='bbox 542 2838 771 2894; x_wconf 90' lang='lat' dir='ltr'>quibuscum</span> <span class='ocrx_word' id='word_1_358' title='bbox 794 2837 951 2879; x_wconf 86' lang='lat' dir='ltr'>minime</span> <span class='ocrx_word' id='word_1_359' title='bbox 975 2837 1320 2881; x_wconf 84' lang='lat' dir='ltr'>consubstantialis</span> <span class='ocrx_word' id='word_1_360' title='bbox 1346 2845 1433 2890; x_wconf 90' lang='lat' dir='ltr'>est,</span> <span class='ocrx_word' id='word_1_361' title='bbox 1475 2839 1546 2882; x_wconf 81' lang='lat' dir='ltr'>sed</span> <span class='ocrx_word' id='word_1_362' title='bbox 1577 2852 1646 2882; x_wconf 88' lang='lat' dir='ltr'>eas</span> 
     </span>
     <span class='ocr_line' id='line_1_40' title="bbox 108 2904 1643 2963; baseline -0.001 -13"><span class='ocrx_word' id='word_1_363' title='bbox 108 2919 132 2950; x_wconf 80' lang='lat' dir='ltr'>e</span> <span class='ocrx_word' id='word_1_364' title='bbox 152 2907 272 2950; x_wconf 86' lang='lat' dir='ltr'>uibilo</span> <span class='ocrx_word' id='word_1_365' title='bbox 302 2906 446 2963; x_wconf 86' lang='lat' dir='ltr'>aliquid</span> <span class='ocrx_word' id='word_1_366' title='bbox 477 2914 520 2949; x_wconf 91' lang='lat' dir='ltr'>ut</span> <span class='ocrx_word' id='word_1_367' title='bbox 546 2913 682 2949; x_wconf 88' lang='lat' dir='ltr'>essent</span> <span class='ocrx_word' id='word_1_368' title='bbox 713 2906 919 2949; x_wconf 81' lang='lat' dir='ltr'>excitavit.</span> <span class='ocrx_word' id='word_1_369' title='bbox 981 2904 1117 2961; x_wconf 83' lang='lat' dir='ltr'>Quare</span> <span class='ocrx_word' id='word_1_370' title='bbox 1150 2906 1250 2948; x_wconf 83' lang='lat' dir='ltr'>lilius</span> <span class='ocrx_word' id='word_1_371' title='bbox 1283 2920 1305 2948; x_wconf 87' lang='lat' dir='ltr'>a</span> <span class='ocrx_word' id='word_1_372' title='bbox 1331 2913 1440 2962; x_wconf 83' lang='lat' dir='ltr'>patre</span> <span class='ocrx_word' id='word_1_373' title='bbox 1470 2906 1643 2963; x_wconf 80' lang='lat' dir='ltr'>genitus,</span> 
     </span>
    </p>
   </div>
   <div class='ocr_carea' id='block_1_6' title="bbox 151 3014 1648 3064">
    <p class='ocr_par' dir='ltr' id='par_1_7' title="bbox 151 3014 1648 3064">
     <span class='ocr_line' id='line_1_41' title="bbox 151 3014 1648 3064; baseline -0.001 -9"><span class='ocrx_word' id='word_1_374' title='bbox 151 3017 186 3055; x_wconf 82' lang='lat'>6.</span> <span class='ocrx_word' id='word_1_375' title='bbox 209 3021 317 3063; x_wconf 71' lang='lat' dir='ltr'>snpra</span> <span class='ocrx_word' id='word_1_376' title='bbox 340 3016 613 3064; x_wconf 67' lang='grc' dir='ltr'>ὤμολογημένης.</span> <span class='ocrx_word' id='word_1_377' title='bbox 942 3017 974 3053; x_wconf 79' lang='grc'>7.</span> <span class='ocrx_word' id='word_1_378' title='bbox 1000 3014 1101 3055; x_wconf 63' lang='lat' dir='ltr'>advoc</span> <span class='ocrx_word' id='word_1_379' title='bbox 1124 3020 1191 3053; x_wconf 80' lang='lat' dir='ltr'>cod.</span> <span class='ocrx_word' id='word_1_380' title='bbox 1217 3020 1368 3062; x_wconf 60' lang='lat' dir='ltr'>allectio„</span> <span class='ocrx_word' id='word_1_381' title='bbox 1401 3022 1428 3053; x_wconf 76' lang='lat' dir='ltr'>et</span> <span class='ocrx_word' id='word_1_382' title='bbox 1449 3021 1519 3054; x_wconf 78' lang='lat' dir='ltr'>cod.</span> <span class='ocrx_word' id='word_1_383' title='bbox 1541 3022 1602 3055; x_wconf 67' lang='lat' dir='ltr'>len.</span> <span class='ocrx_word' id='word_1_384' title='bbox 1625 3030 1648 3054; x_wconf 81' lang='lat' dir='ltr'>u</span> 
     </span>
    </p>
   </div>
   <div class='ocr_carea' id='block_1_7' title="bbox 899 3075 1375 3166">
    <p class='ocr_par' dir='ltr' id='par_1_8' title="bbox 899 3075 1375 3166">
     <span class='ocr_line' id='line_1_42' title="bbox 899 3075 1012 3106; baseline -0.009 -9"><span class='ocrx_word' id='word_1_385' title='bbox 899 3075 940 3097; x_wconf 81' lang='lat' dir='ltr'>m.</span> <span class='ocrx_word' id='word_1_386' title='bbox 963 3075 1012 3106; x_wconf 80' lang='lat' dir='ltr'>pr.</span> 
     </span>
     <span class='ocr_line' id='line_1_43' title="bbox 1275 3124 1375 3166; baseline 0 0"><span class='ocrx_word' id='word_1_387' title='bbox 1275 3125 1328 3166; x_wconf 85' lang='lat'>20</span> <span class='ocrx_word' id='word_1_388' title='bbox 1353 3124 1375 3147; x_wconf 73' lang='lat'>⁸</span> 
     </span>
    </p>
   </div>
  </div>
 </body>
</html>
