1976 3262
433 205 616 240 ramim
639 205 724 239 Lm.
739 205 798 239 m.
822 205 931 239 ToM.
956 206 982 238 ι.
1008 205 1140 239 nasu.
1158 204 1317 238 Lxxnt.
1569 194 1649 235 125

100 283 281 344 Quoru-
301 285 499 342 negotium
524 299 640 327 omne
659 285 806 327 fraudis
827 298 873 327 ac
895 284 1093 340 nequitiae
1114 284 1379 341 plenissimum
1405 283 1488 326 tuit.
1545 280 1651 324 Nam

100 363 190 398 um
214 367 238 396 a
259 367 305 397 se
325 353 496 397 invicem
515 353 701 410 opinione
729 367 807 395 uon
842 353 1135 409 discreparent,
1181 352 1434 394 nihilominus
1455 358 1586 394 certas
1611 350 1650 392 iu

100 421 296 466 fictiones
324 422 467 465 divulsi
493 423 607 473 stin‘t,
651 422 739 464 dum
774 421 950 478 privatas
983 421 1087 463 inter
1117 435 1161 463 se
1190 421 1410 463 simultates
1437 426 1651 472 exercent3

98 491 225 535 vetati
244 491 348 548 quod
373 489 551 548 Cyrillus
579 489 990 547 Hierosolymitanus,
1035 496 1075 531 et
1100 487 1319 544 Eutychius
1342 497 1496 532 mutuas
1526 486 1654 530 inimi·

98 557 216 605 eilia·
249 560 455 611 foverem,
499 557 675 616 Cyrillus
711 572 809 601 vero
845 572 868 599 a
899 555 1037 600 Basilii
1072 556 1262 608 Galatae,
1307 566 1348 599 et
1377 557 1547 610 Auiani,
1589 557 1654 614 qui

98 626 336 672 Antiochiae
361 627 564 670 ordinatus
589 634 676 670 erat
702 627 933 684 episeopus,
975 640 1022 668 ac
1042 624 1207 681 Georgii
1234 624 1447 668 Laodiceni
1480 625 1654 683 partibus

99 703 243 740 staret.
304 693 409 752 Quid
441 703 570 739 autem
598 695 738 738 attinet
758 696 797 737 in
820 709 956 737 rorum
991 694 1168 736 coetibus
1200 694 1390 749 patiendis
1415 709 1461 736 ac
1486 708 1656 736 comme-

63 804 65 806 .
99 765 299 808 morandis
323 772 477 822 tempus
500 766 660 807 terere?
718 763 849 806 Venio
872 763 992 820 igitur
1014 764 1061 805 ad
1086 763 1175 805 illos
1198 776 1335 804 omnes
1358 764 1595 805 refellendos
1617 770 1657 805 et

98 833 408 892 uniuscuiusque
443 833 664 877 calliditatis
694 833 947 875 evertendam
982 831 1209 888 nequitiam.
1271 829 1352 873 Sed
1376 831 1422 872 de
1444 832 1502 873 his
1528 832 1650 889 prius,

91 913 214 960 μεθ’
241 909 379 961 postea
414 902 688 959 contigerunt,
735 901 941 943 dicendum
983 900 1155 942 videtur.
1230 897 1339 941 Istud
1382 900 1485 942 enim
1524 901 1651 957 ipsum

84 970 300 1015 aaa-auis
328 972 376 1014 ad
406 970 663 1029 probitatem,
696 970 784 1012 aliis
815 971 863 1011 ad
895 969 1127 1026 pravitatem
1157 969 1293 1011 cessit.

214 1037 372 1083 Etenim
409 1038 597 1083 Meletius
637 1039 686 1082 ab
726 1038 877 1081 Acacio
914 1037 1151 1080 Antiochiae
1188 1037 1391 1079 ordinatus
1427 1037 1649 1093 episcopus.
1712 1048 1792 1094 cap.

99 1104 303 1165 Macep-
326 1108 431 1151 enim
453 1108 527 1151 boe
556 1108 727 1151 Aeacius
750 1107 991 1164 propositum
1025 1106 1175 1158 habuit,
1210 1105 1404 1162 paululum
1430 1112 1470 1147 ut
1492 1105 1540 1147 ab
1566 1105 1651 1147 illo·
1675 1095 1833 1129 ΧΧἮΠ·

7 1204 10 1207 «
101 1177 360 1220 munerario
382 1177 564 1233 dogmate
584 1177 835 1227 deflecteret,
878 1182 917 1217 et
940 1189 1057 1217 unum
1082 1189 1126 1217 se
1155 1189 1208 1217 ex
1232 1173 1466 1216 orthodoxis
1487 1175 1652 1228 faceret,

100 1244 176 1288 tm
193 1243 281 1303 ipso
301 1246 404 1302 quod
424 1243 628 1288 Meletium
650 1245 688 1287 in
710 1244 775 1287 illa
800 1244 1047 1286 ordinatione
1065 1244 1330 1286 confirmaret.
1393 1240 1547 1300 Quippe
1566 1241 1656 1285 Me-

101 1312 220 1357 Ιοῑίισ
243 1313 309 1356 bie
339 1313 389 1356 ab
412 1314 625 1356 Aeacianis
656 1313 831 1370 partibus
866 1312 1103 1363 constitutus
1133 1326 1229 1354 suae
1260 1311 1310 1354 ab
1333 1311 1430 1368 ipsis
1459 1310 1657 1368 opinionis

97 1393 192 1424 osae
212 1381 463 1424 credebatur.
527 1380 676 1424 Verum
701 1381 800 1423 alius
824 1389 885 1423 est
907 1388 1112 1438 repertus,
1157 1388 1199 1423 ut
1222 1381 1269 1422 de
1294 1393 1344 1422 eo
1367 1379 1542 1436 plerique
1566 1394 1657 1422 nar-

98 1457 204 1494 rant.
255 1448 384 1493 Nune
415 1450 518 1493 euim
549 1451 613 1506 qui
644 1451 691 1493 ad
720 1450 827 1492 illum
854 1457 893 1491 et
922 1450 968 1492 ad
993 1450 1078 1492 eius
1101 1457 1256 1492 coetum
1280 1449 1433 1505 seipsos
1464 1449 1656 1491 adiunxe-

98 1525 215 1572 rm,
246 1532 303 1562 ex
325 1530 375 1562 eo
395 1519 498 1576 quod
520 1519 796 1576 perseeutione
819 1518 883 1560 ille
907 1518 1091 1571 iactatus,
1124 1525 1164 1560 et
1183 1532 1205 1559 e
1222 1518 1317 1560 sede
1338 1531 1409 1559 sua
1429 1517 1656 1559 deturbatus

19 1583 34 1642 ζ
99 1594 184 1640 ut,
217 1588 406 1646 temporis
426 1601 535 1630 mora
560 1594 601 1630 et
623 1587 911 1644 persecutionis
937 1587 1221 1644 longinquitate
1242 1600 1286 1629 se
1313 1586 1360 1627 ad
1385 1585 1491 1628 illum
1514 1599 1657 1641 aggre-

0 1704 24 2049 ἓ

28 1659 34 1671 “’
99 1662 258 1714 gam,
290 1656 354 1700 dei
373 1670 516 1700 caussa
537 1657 732 1699 sinceram
755 1654 868 1698 fidem
893 1656 1194 1711 amplectuntur.
1258 1651 1460 1710 Siquidem
1486 1653 1658 1711 complu·

100 1737 169 1768 rea
190 1738 244 1768 ex
268 1723 373 1768 illius
402 1725 557 1769 concilii
582 1733 699 1767 coetu
733 1723 861 1781 populi
898 1725 1055 1766 ruerunt
1082 1724 1147 1780 qui
1179 1723 1374 1780 episcopis
1405 1722 1657 1778 sibimetipsis

101 1793 316 1852 propositis
344 1793 546 1836 mirificam
580 1794 628 1836 de
655 1793 735 1836 lilio
759 1793 1046 1849 professionem
1079 1792 1170 1834 fidei
1205 1805 1299 1848 prae
1328 1804 1372 1832 se
1398 1791 1544 1843 lerunt,
1584 1803 1657 1832 nec

101 1861 438 1905 oomubstautiale
458 1862 683 1920 repudiant,
715 1875 852 1904 verum
876 1868 1033 1918 paratos
1061 1874 1105 1903 se
1130 1874 1220 1903 esse
1242 1860 1391 1912 dicunt,
1424 1859 1458 1902 si
1480 1859 1657 1915 perfecta

100 1930 278 1989 ayuodua
318 1938 506 1988 cogatur,
552 1931 654 1974 istud
695 1931 821 1987 ipsum
865 1928 1070 1987 profiteri,
1115 1943 1190 1971 uec
1224 1929 1303 1972 ullo
1334 1929 1452 1970 modo
1484 1941 1650 1983 negare.

99 1992 212 2045 Βιιο
230 1998 386 2056 quidem
408 1998 483 2041 boc
513 1999 728 2041 venerabili
759 1999 814 2041 illi
846 1997 1011 2041 Meletio
1041 1997 1230 2054 contigit,
1264 1998 1328 2054 qni
1352 1997 1400 2039 ab
1427 1997 1590 2040 Arianis
1615 2005 1657 2039 et

3 2071 12 2086 ⁴
262 2067 438 2126 partibus
461 2068 699 2111 constitutus
721 2075 781 2111 est
803 2067 966 2125 primum
992 2074 1033 2109 ut
1050 2066 1322 2109 Antiochiae
1312 2081 1350 2108 ιιι
1374 2066 1545 2108 ecclesia
1567 2079 1653 2108 ser-

7 2153 11 2156 *
52 2053 325 2253 ”Ξ;ἆ
347 2136 527 2192 populum
559 2137 730 2189 faceret,
763 2151 809 2179 ac
834 2136 942 2178 velut
969 2136 1154 2191 quasdam
1181 2135 1355 2177 muneris
1375 2134 1437 2177 sui
1463 2134 1654 2191 primitias

295 2211 326 2247 t.
389 2203 517 2260 Quem
549 2204 702 2261 quidem
732 2219 955 2247 sermonem
988 2203 1163 2261 plerique
1194 2218 1280 2246 cum
1307 2211 1415 2246 recta
1453 2204 1478 2244 Γ
1482 2203 1530 2245 de
1560 2216 1655 2245 cou-

11 2288 14 2340 s
88 2261 332 2317 'ffltauenm
372 2286 462 2316 esse
501 2273 752 2316 confirmant.
814 2272 915 2315 Eum
955 2287 1028 2315 uos
1070 2273 1132 2315 hic
1172 2272 1472 2316 adscribendum
1502 2270 1654 2328 putavi·

98 2354 189 2385 uua
217 2341 283 2399 qui
313 2348 376 2385 eat
406 2342 614 2384 eiusmodi.

397 2525 652 2560 ssxssMt’Lum
677 2525 898 2559 senmoms
921 2528 949 2560 Δ
972 2524 1173 2559 MELETto
1196 2523 1359 2557 nltm'rr.

212 2607 410 2648 Belem
435 2609 625 2660 principib
653 2607 836 2646 sermonis
864 2607 1006 2646 exitum
1035 2619 1136 2654 esse,
1179 2601 1494 2659 sapientissimus
1525 2601 1651 2645 eccle·
1710 2620 1791 2665 cap

100 2673 246 2719 uiantes
267 2674 454 2718 asseruit.
514 2672 732 2731 Propterea
758 2673 859 2729 quod
883 2686 904 2715 a
928 2673 1081 2716 dicendi
1116 2670 1369 2715 contentione
1396 2684 1441 2712 ac
1465 2670 1653 2714 sollicitu-
1671 2667 1815 2747 ἔοξῑξ·
1815 2711 1841 2740 ⁴

102 2742 193 2789 diue
233 2757 394 2787 eeasare
425 2744 541 2800 longe
579 2750 641 2786 est
681 2756 794 2798 quam
828 2741 932 2783 illam
965 2741 1151 2784 inchoare
1190 2739 1330 2783 melius
1369 2752 1415 2782 ac
1453 2739 1649 2782 securius.

100 2808 343 2856 Pmmtin
365 2827 452 2856 cum
477 2812 580 2855 idem
600 2811 661 2854 bic
686 2810 938 2853 ecclesiastes
956 2810 1127 2861 dixerit,
1170 2812 1250 2850 leta
1265 2811 1446 2862 pauper-1³
1468 2811 1653 2863 sapientae
1671 2813 1755 2843 Beck
1771 2813 1798 2850 ⁸,
1817 2812 1861 2843 1⁸·

146 2898 181 2938 4.
203 2901 336 2943 &were
355 2905 467 2945 seipsi
492 2912 531 2936 σε
554 2903 708 2936 emendat.
735 2903 854 2935 Corna-
944 2896 976 2933 6.
1001 2902 1118 2934 Nonum
1149 2898 1308 2934 Μιλέτιον
1335 2901 1370 2933 in
1391 2899 1440 2932 ed.
1461 2900 1569 2933 Pace.
1595 2900 1654 2933 Go-

26 2951 27 2954 ’
85 2949 145 2985 -ῢ
164 2952 194 2983 d
215 2949 350 2984 mli.
393 2949 483 2983 um
503 2950 616 2982 habaet
639 2946 788 2986 ὶαυτοὺς.
889 2947 949 2980 lon.
974 2949 1067 2987 repet.
1091 2955 1152 2979 non
1175 2948 1342 2986 comperet.

101 2993 389 3074 alawange
423 2989 510 3034 ὅς’*
554 2995 711 3029 Petamus.
749 2994 849 3034 Recte,
940 2990 972 3026 7.
996 2992 1134 3025 Alterum
1156 2987 1211 3026 ext
1233 2990 1298 3035 τῆς
1319 2990 1486 3025 aetnam
1506 2994 1593 3032 puto.
