2020 3276
384 230 567 266 rammi
587 232 672 266 Lm.
691 231 751 266 ιιι.
773 233 884 267 Tou.
903 233 946 268 11.
967 232 1100 267 msa.
1119 234 1310 268 nxxvnt.
1381 228 1390 234 ’
1536 225 1619 267 435

74 310 372 368 diminutor
401 318 464 354 est
485 312 683 354 conlecta.
743 311 862 354 Aliud
894 326 991 355 vero
1016 320 1220 369 praeterea
1241 314 1280 355 in
1305 321 1489 369 utraque,
1532 312 1622 356 Eva

76 376 230 428 efflat
260 391 309 423 ee
337 377 492 433 Maria,
536 380 780 422 considerari
813 387 964 437 potest,
1012 389 1052 423 et
1084 382 1237 437 quidem
1271 380 1530 424 admiratione
1564 381 1621 423 di-

77 440 219 504 gui-
280 445 483 505 Siquidem
508 446 597 491 Eva
620 449 760 504 generi
788 448 986 491 hominum
1012 463 1190 491 caussam
1213 451 1352 492 mortis
1371 450 1524 502 attulit,
1555 463 1626 506 per

73 529 192 573 pa-
214 529 324 560 mern
350 523 413 559 eat
435 517 475 558 in
498 516 633 559 orbem
667 524 860 558 terrarum
895 517 1074 570 invecta,
1119 516 1273 560 Mariae
1306 518 1410 559 vitae
1440 531 1622 560 caussam

74 582 276 641 praebuit,
318 599 391 642 per
412 599 526 641 quam
558 585 638 627 vita
669 592 731 627 est
756 584 868 627 nobis
901 585 984 641 ipsa
1018 586 1219 641 producta.
1282 583 1345 628 Ob
1368 587 1403 627 id
1428 587 1529 628 filins
1560 586 1622 628 dei

73 650 246 695 isthmo
265 654 450 697 nundum
476 653 658 705 advenit,
689 660 752 705 et,
804 655 878 695 Ubi
906 655 1113 694 abundavit
1142 656 1341 702 delectum,
1386 656 1620 708 superabun-
1637 663 1725 693 Ιιοιιι.
1741 665 1827 700 ιτα.

73 722 342 775 burgani.
402 719 516 765 Unde
540 735 647 764 mors
676 722 842 774 accidit,
883 712 964 763 vita
997 721 1088 764 illue
1118 722 1314 774 accessit3
1357 730 1398 764 ut
1418 724 1458 764 in
1484 724 1623 766 mortis

74 786 205 833 bn-
230 786 312 832 vita
335 790 592 842 succederet,
625 796 666 832 et
688 790 834 832 illatam
858 804 881 832 a
908 790 1072 832 muliere
1104 797 1270 833 mortem
1293 791 1357 832 ille
1380 791 1479 847 ipse,
1513 792 1578 847 qui
1599 806 1623 833 e

73 857 263 910 adiu-e,
308 857 388 900 vita
413 864 457 900 ιιι
477 865 586 901 esset
612 866 772 911 nostra,
816 866 931 901 natus
964 866 1074 910 erat,
1115 859 1362 901 excluderet.
1423 857 1621 914 Quoniam

74 937 174 970 un
210 939 299 969 eum
337 926 465 969 adhue
498 926 611 983 virgo
645 927 685 969 in
720 927 844 969 bortis
878 926 965 969 Eva
1000 927 1187 983 degeret,
1235 942 1304 984 per
1336 929 1621 970 contumaciam

72 993 177 1051 affl
195 993 311 1043 leu-
331 995 583 1047 ostenderat,
615 996 704 1037 ideo
727 996 879 1051 gratiae
905 995 1060 1052 propria
1084 996 1132 1037 ab
1156 995 1308 1051 virgine
1334 997 1506 1038 manavit
1528 997 1622 1038 obe-

73 1061 246 1116 cinth,
284 1069 488 1120 postquam
513 1063 739 1107 circumfusi
761 1078 928 1131 corpore
950 1063 1061 1106 verbi
1085 1064 1426 1121 sempiternaeque
1447 1065 1552 1106 vitae
1575 1065 1623 1106 de

73 1129 188 1174 coelo
206 1138 271 1173 eet
289 1131 490 1174 nuntiatus
512 1132 720 1175 adventus.
780 1131 885 1175 Nam
908 1132 987 1174 illic
1013 1132 1067 1174 ita
1089 1140 1313 1189 serpentem
1339 1133 1435 1175 deus
1458 1133 1623 1188 alloqui-

74 1206 162 1252 tur,
204 1201 444 1241 Im‘nr'a'u‘an
464 1214 604 1254 ponam
629 1204 729 1242 inter
756 1209 793 1242 te
813 1209 852 1241 et
875 1204 976 1242 inter
1002 1203 1130 1250 illam,
1173 1205 1274 1243 inm
1297 1216 1420 1242 semen
1453 1209 1555 1242 tuum
1586 1209 1625 1242 et
1640 1206 1717 1235 Gen·
1737 1207 1765 1243 ³,
1786 1209 1827 1235 13-

72 1282 196 1310 seme
233 1269 351 1310 illeiis.
422 1267 546 1324 Atqui
587 1283 775 1326 nusquam
821 1270 1011 1311 eiusmodi
1056 1283 1192 1312 semen
1236 1269 1412 1311 mulieris
1454 1270 1625 1311 inveniri

74 1342 221 1393 potent.
294 1334 408 1379 Unde
439 1351 518 1378 non
555 1337 670 1379 aliter
703 1352 817 1394 quam
852 1352 923 1394 per
955 1337 1289 1380 adumbrationem
1322 1353 1369 1380 ac
1401 1338 1622 1380 similitudi-

74 1417 166 1448 te-
188 1403 238 1447 nd
259 1402 387 1447 Evam
414 1405 577 1448 hostiles
609 1405 699 1448 illae
723 1405 952 1448 inimicitiae
977 1407 1227 1458 referuntur,
1272 1420 1368 1462 quas
1389 1421 1476 1448 cum
1510 1406 1625 1448 huius

73 1471 197 1530 stirpe
216 1485 383 1530 serpena
406 1472 473 1516 ille
498 1481 539 1515 et
562 1474 627 1530 qui
649 1474 688 1515 in
711 1481 896 1530 serpente
919 1473 1047 1516 inerat
1070 1475 1214 1516 invidia
1239 1475 1411 1530 flagrans
1447 1474 1624 1517 diabolus

77 1547 260 1583 uem.
329 1575 332 1579 .

185 1606 311 1653 Pleue
344 1609 498 1666 quidem
530 1624 577 1652 ac
606 1611 781 1667 perfecte
813 1611 1099 1653 accommodari
1131 1612 1179 1653 ad
1207 1611 1309 1653 illam
1334 1611 1521 1653 universa
1556 1624 1626 1653 ne·
1689 1619 1767 1661 cap.

74 1684 247 1734 queunt,
273 1678 359 1720 aed
390 1677 430 1720 in
460 1678 731 1730 sanctissima,
776 1679 923 1721 eximia
952 1694 998 1721 ac
1030 1680 1219 1735 singulari
1252 1679 1400 1736 stirpe,
1440 1693 1542 1735 qnae
1576 1679 1624 1721 ab
1686 1664 1784 1698 ΧΙΧ·

74 1744 161 1789 tola
180 1744 335 1802 virgine
355 1743 489 1789 Maria
512 1747 598 1789 sine
622 1747 700 1789 ulla
723 1747 796 1790 viri
824 1748 1108 1790 consuetudine
1132 1755 1347 1804 propagata
1369 1755 1453 1799 est,
1494 1747 1626 1804 reipsa

75 1827 124 1856 ae
145 1813 300 1870 penitus
320 1814 518 1871 impletur.
581 1814 657 1857 Hic
680 1816 782 1857 enim
808 1816 913 1858 illius
940 1816 1040 1858 lilius
1060 1816 1107 1857 ad
1132 1816 1439 1872 extinguendam
1463 1830 1626 1871 serpen·

76 1880 128 1924 ὼ
154 1894 205 1925 ιο
230 1882 398 1925 nuncsi
427 1883 576 1926 colubri
613 1884 839 1940 sagacisque
870 1885 948 1926 vim
976 1899 1023 1926 ac
1052 1885 1290 1941 potentiam,
1334 1885 1397 1940 qui
1431 1898 1476 1926 se
1502 1891 1625 1926 totum

76 1948 211 1993 orbem
233 1956 428 1994 terrarum
451 1951 652 1994 dominatu
674 1966 747 1994 suo
773 1952 1120 2009 comprehendisse
1147 1953 1342 2005 iactabat,
1375 1953 1422 1995 ad
1447 1953 1543 1994 hacc
1566 1953 1625 1995 in-

77 2016 166 2060 nna
187 2017 406 2061 descendit.
466 2017 682 2076 Propterea
706 2021 845 2063 unicus
867 2035 890 2063 e
911 2021 1075 2064 muliere
1105 2022 1167 2064 dei
1193 2022 1294 2064 filius
1322 2022 1538 2078 processit,
1584 2028 1627 2064 ιιι

76 2092 327 2143 serpentem,
358 2085 433 2129 boc
453 2093 516 2130 est
541 2087 681 2145 impiae
706 2089 908 2132 doctrinae
931 2090 1194 2147 corruptelam
1219 2104 1266 2132 ac
1293 2091 1467 2131 fraudem
1496 2098 1536 2131 et
1562 2103 1627 2132 er·

77 2167 208 2198 mnu
243 2168 292 2198 ιο
317 2154 548 2212 pravitatem
578 2163 793 2200 everteret.
856 2156 933 2200 flio
955 2158 1105 2214 estqui
1139 2172 1280 2200 revera
1309 2167 1455 2199 uterum
1487 2162 1820 2201 maenkssxod.¹³.¹³

75 2225 240 2278 quw.
302 2221 408 2267 Nam
434 2230 682 2280 quotcunque
717 2225 964 2282 primogeniti
990 2226 1097 2268 illum
1124 2234 1447 2279 antecesserant,
1491 2234 1532 2269 ut
1556 2228 1625 2269 ho·

76 2291 304 2336 ammaim
331 2291 479 2341 dicam,
525 2291 626 2335 istud
649 2292 774 2350 ipsum
802 2294 957 2336 efficere
986 2295 1271 2351 nequiverunt,
1316 2296 1385 2338 sed
1413 2296 1521 2338 sotus
1552 2294 1626 2337 hoc

78 2360 216 2404 uniens
237 2360 300 2403 dei
330 2360 430 2403 titius
462 2359 654 2412 obtinuit,
699 2361 739 2402 in
766 2375 844 2417 quo
870 2363 1016 2405 ceteris
1041 2362 1216 2406 exclusis
1242 2364 1422 2406 omnibus
1446 2363 1539 2405 illud
1567 2369 1629 2404 est

77 2429 311 2486 perlectum.
373 2425 454 2470 Sed
480 2435 521 2469 ut
547 2428 622 2470 alia
650 2429 981 2485 praetermittam,
1025 2431 1087 2472 vel
1120 2445 1172 2473 ex
1201 2445 1249 2472 eo
1272 2434 1357 2488 ipso
1384 2432 1484 2487 quod
1512 2431 1627 2472 modo

78 2502 292 2540 tractamus
325 2503 453 2554 potest
484 2496 575 2538 illud
602 2496 781 2553 intelligi.
843 2495 998 2555 Quippe
1023 2512 1077 2541 ex
1105 2497 1235 2541 Maria
1268 2506 1420 2555 sumpta
1442 2498 1505 2540 illa
1529 2498 1629 2540 scri-

78 2571 215 2622 pturae
253 2564 448 2607 sententia
486 2571 547 2606 est
581 2579 695 2621 quam
732 2565 778 2607 ad
814 2565 1020 2607 ecclesiam
1058 2568 1353 2608 accommodare
1393 2580 1625 2623 possumus:

76 2634 237 2688 Propter
253 2635 324 2674 hoc
345 2635 533 2687 relinquet
554 2635 661 2674 homo
678 2641 825 2687 patrem
846 2648 977 2682 suum,
1022 2642 1060 2674 et
1080 2643 1233 2676 matrem
1257 2650 1361 2675 suam
1375 2666 1385 2682 ,
1427 2643 1464 2675 et
1487 2636 1626 2675 adhae-
1652 2642 1729 2671 een.
1746 2643 1774 2678 ι,
1790 2642 1833 2671 ²4.

77 2701 177 2743 reli!
204 2705 455 2751 amerianae,
501 2710 538 2742 et
560 2709 673 2742 erunt
712 2704 785 2741 duo
822 2704 861 2742 in
893 2716 1042 2743 carnem
1076 2717 1200 2743 unam.
1267 2702 1482 2759 Apostolus
1511 2716 1625 2754 vero,
1647 2710 1815 2748 Βριῌι

0 2766 4 2790 ⁵
79 2771 363 2812 wamma
387 2772 480 2819 hoe,
515 2769 663 2825 inquit,
696 2784 870 2823 magnum
898 2778 976 2811 est:
1021 2784 1092 2823 ego
1111 2778 1234 2811 autem
1262 2773 1345 2811 dei-o
1378 2774 1416 2811 in
1438 2773 1628 2812 Chrektum

0 2862 2 2868 ,
78 2845 119 2880 et
136 2840 344 2879 aelectum.
408 2836 452 2880 ln
475 2853 551 2894 quo
573 2845 795 2880 accuratam
823 2851 1024 2879 sacrarum
1062 2837 1260 2880 literarum
1292 2838 1530 2893 diligentiam
1562 2838 1630 2881 ob-

81 2917 243 2951 uervare
269 2906 384 2960 lieet3
415 2921 515 2963 quae
541 2920 627 2949 cum
652 2906 700 2948 de
724 2906 878 2948 Adamo
902 2906 1136 2962 loquuntur,
1180 2906 1370 2948 formandi
1399 2906 1631 2950 vocabulum

0 2994 6 3030 s
81 2973 287 3026 adhibent,
328 2971 455 3018 Evam
494 2988 591 3017 vero
630 2987 872 3030 nequaquam
910 2974 1136 3024 formatam,
1183 2974 1251 3016 sed
1273 2973 1513 3017 aedificatam
1542 2990 1632 3018 csse

0 3048 10 3099 ³?
83 3040 230 3084 dicunt.
292 3045 460 3097 Sumpsi!
491 3046 608 3091 emin,
652 3042 798 3098 inquit,
844 3056 952 3083 uttam
984 3059 1003 3080 ι·
1034 3045 1148 3082 roste's
1182 3044 1309 3089 illius,
1354 3051 1391 3083 e!
1419 3046 1633 3098 aedificavit
1651 3052 1727 3083 Gen.
1738 3055 1766 3086 2,
1778 3055 1819 3081 ²1.

1254 3124 1347 3166 28*
