2020 3276
403 170 485 212 626
866 177 1085 210 mmmm
1109 177 1169 211 ET
1192 176 1495 211 conmcssNuA.

496 258 602 303 Pte·
619 258 690 292 52.
735 255 756 290 ι.
770 254 804 290 3.
827 251 931 295 εὐθὺς
950 255 1034 288 Ven.
1057 275 1095 280 -
1144 255 1167 288 1.
1182 254 1217 291 4.
1243 256 1352 291 Verba
1375 251 1412 291 ὃν
1436 253 1527 291 εἶπον
1549 252 1646 299 ὑμῖν·
1669 254 1731 293 καὶ
1747 251 1813 299 ὅτι,
1836 249 1951 296 οὗτός

402 314 490 350 ἐστιν
514 325 579 347 οιιι.
603 313 685 346 Ven.

491 371 600 417 ¹⁹⁸3·
615 370 686 407 54.
732 369 755 402 1.
776 370 826 403 15.
864 369 1000 414 Corn-ige
1022 368 1138 414 λέγων.
1163 388 1205 396 --
1252 369 1275 403 1.
1299 369 1348 405 16.
1381 368 1415 405 ἐν
1440 366 1530 415 αὐτῇ
1558 368 1716 415 γεννηθὲν
1735 367 1776 405 ἐκ
1798 370 1880 403 Vna.
1905 389 1951 396 -

400 427 422 460 1.
438 426 470 461 8.
496 427 537 460 ab
562 426 623 460 inf.
647 422 872 470 ἀποκριθεῖσα
895 427 980 459 Ven.

497 484 606 530 ¹²⁸3·
624 483 696 519 56.
741 482 763 517 l.
780 481 812 517 4.
848 480 896 523 οἷς
917 481 1034 529 ἔλαβεν
1055 484 1142 517 Ven.
1167 502 1211 508 —
1256 482 1279 515 1.
1296 484 1327 517 5.
1363 481 1559 527 ποιήσωμεν
1582 483 1665 519 Ven.
1690 501 1729 509 -
1778 482 1848 518 L&
1870 479 1949 527 παρ’

399 537 512 575 αὐτῶν
533 541 660 585 γενεαλ.
680 540 768 572 Ven.
795 558 834 564 -
883 539 906 574 Ι.
923 539 955 575 7.
982 539 1132 584 Χριστοῦ
1152 538 1373 584 θεοφανείαν,
1398 536 1447 580 οἷς
1467 541 1552 574 Ven.
1582 559 1615 566 -
1666 539 1689 574 1.
1699 538 1734 576 9.
1758 539 1871 576 Verba
1891 540 1951 576 καί

398 608 516 642 φησιν,
539 593 646 643 Ἀρχὴ
669 596 729 632 τοῦ
752 592 948 641 εὐαγγελίου
971 606 1036 630 οιιι.
1058 597 1144 630 Veu.
1170 615 1214 623 —
1260 596 1282 629 1.
1299 596 1353 630 21.
1377 596 1467 642 καλῇ
1487 596 1553 642 (sic
1563 595 1598 637 ἶ)
1618 593 1753 645 ιῖπονοίᾳ
1769 596 1952 642 νενοημένα

399 655 481 688 Veu.
507 673 548 679 —
594 653 663 688 15.
685 653 727 686 ab
747 653 809 686 inf.
834 664 1024 698 τηρωμενοι
1047 655 1118 687 Bas
1140 672 1185 679 —
1231 653 1251 686 l.
1269 652 1302 687 3.
1325 653 1451 687 abins.
1473 653 1627 698 μέτωπον
1645 653 1731 688 Vm.
1752 673 1796 681 —
1840 653 1864 691 l,
1885 665 1949 700 po-

398 710 482 762 nult.
505 707 716 746 ἐπισπάσὲαι
740 711 824 744 Ven.

493 768 601 814 rag.
616 767 685 803 58.
732 767 754 801 Ι.
766 767 797 801 3.
825 766 1094 812 σκορπισὲέντων
1114 768 1195 801 Ven.
1216 786 1257 793 —
1304 766 1326 801 1.
1338 765 1372 800 6.
1395 766 1647 812 ἐπανακοὶμψας
1665 769 1747 804 Ven
1768 787 1811 795 —
1858 767 1948 804 1.16.

397 823 522 869 λέγων,
548 831 629 857 ante
644 821 706 867 τήν
726 822 889 868 γέννησιν,
915 834 979 857 om.
1005 825 1088 857 Ven.
1115 843 1154 849 —
1201 823 1294 858 1.17.
1320 836 1338 859 ο
1362 821 1436 864 υἱός
1456 836 1520 869 μου
1541 825 1624 859 ven.
1641 843 1686 853 —
1730 824 1754 859 1.
1771 825 1824 860 18.
1849 820 1950 870 α’νοῆ-

397 893 467 921 τοις
488 882 573 914 ven.
597 881 709 914 Recte.
729 899 769 907 —
808 880 830 914 1.
843 881 897 914 20.
922 881 1059 925 Repone
1081 892 1120 913 ex
1140 879 1342 914 auctoritate
1360 881 1484 914 Veneti
1505 878 1702 917 κατωτάτω
1720 878 1787 926 τήν
1802 879 1950 919 διάνοιαν

398 938 530 982 (deleto
551 949 625 972 voc.
647 936 755 978 κατὰ,
791 949 854 982 pro
883 949 950 982 quo
984 937 1074 970 edidi
1098 935 1235 981 κακήν).
1265 957 1307 963 -
1355 937 1447 972 1.21.
1473 936 1695 984 ἐπιλαβέσθαι
1717 939 1803 973 Ven-
1849 938 1950 981 Quod

396 995 547 1029 restitue.
575 1013 617 1020 —
663 994 686 1027 1.
703 994 756 1028 23.
782 989 991 1039 α’νωφέρετον
1015 991 1196 1038 ἐργάζεται
1218 995 1303 1028 Ven.
1329 1013 1370 1020 -
1418 994 1440 1028 l.
1455 996 1477 1030 5
1499 1001 1536 1028 et
1554 993 1588 1030 4.
1610 995 1653 1029 nb
1672 995 1735 1030 inf.
1760 995 1872 1030 Verba
1888 995 1948 1031 τοῦ

395 1049 582 1098 ἀρχιερέως
605 1063 670 1086 om.
696 1052 780 1084 Ven.
803 1069 849 1076 -
894 1052 915 1084 1.
930 1049 962 1085 4.
988 1050 1030 1084 nb
1052 1051 1114 1084 inf.
1149 1048 1232 1095 γυνη
1256 1049 1348 1098 αὐτῷ·
1373 1052 1457 1086 Van.
1481 1071 1524 1078 —
1570 1051 1592 1085 1.
1614 1051 1741 1098 penult.
1773 1049 1890 1098 χρόνον
1913 1049 1949 1087 ιῖ-

395 1107 555 1156 πάρχειν,
581 1105 600 1144 ὅ
624 1106 663 1143 δὲ
687 1109 772 1141 Ven.

486 1166 595 1212 Ρη,
615 1165 689 1201 oo.
722 1164 744 1196 1.
758 1163 791 1198 8.
818 1164 928 1198 Verba
946 1163 980 1199 ἐν
997 1161 1122 1210 φάτνῃ,
1147 1163 1206 1200 καὶ
1224 1165 1270 1211 τῇ
1289 1161 1400 1211 ὀγδόῃ
1421 1163 1636 1210 περιετμτῑθη
1657 1177 1722 1200 οιιι.
1739 1166 1832 1201 ναι.
1858 1165 1949 1199 Idem

395 1222 480 1256 liber
510 1222 611 1267 paulo
641 1228 719 1267 post
753 1220 812 1256 καὶ
844 1218 894 1261 οἷς
923 1218 1186 1264 τεσσαράκοντα.
1213 1241 1254 1247 -
1302 1222 1395 1257 1.11.
1430 1221 1570 1264 ἐδέξατο
1599 1224 1685 1257 Ven.
1708 1241 1754 1250 —
1796 1222 1890 1258 1.12.
1914 1222 1948 1259 ἐν

394 1277 560 1323 Ναζαρὲθ
588 1275 714 1324 α’πῄει,
749 1277 808 1313 καὶ
839 1275 888 1318 οἷς
918 1277 1063 1318 numito<
1095 1275 1192 1322 οἷνείη
1227 1278 1307 1323 (leg.
1328 1276 1402 1314 κατ’
1427 1278 1499 1319 ἔτος
1521 1275 1635 1326 α’νῄει)
1656 1279 1706 1320 είς
1722 1276 1949 1324 Ἰερουσαλήμ

395 1338 480 1370 Ven.
505 1355 551 1362 -
595 1336 618 1369 l.
638 1337 688 1370 18.
717 1332 843 1380 ἁγίων,
867 1343 945 1368 ante
965 1331 1226 1379 εὖαγγελιστῶν,
1251 1347 1318 1369 οιιι.
1339 1336 1425 1370 ven.
1451 1355 1491 1362 —
1538 1336 1561 1370 1.
1573 1337 1631 1371 20.
1656 1336 1796 1381 nepo-10
1817 1347 1859 1370 u
1876 1337 1946 1371 Ve-

394 1401 477 1427 neto
499 1393 570 1438 5εῷ
589 1389 834 1437 εὐαρεστῆσαι.
858 1412 900 1419 -
947 1392 969 1425 1.
987 1392 1020 1426 9.
1042 1391 1085 1424 ab
1108 1391 1170 1424 inf.
1197 1392 1335 1437 Repone
1356 1391 1466 1438 ταύτῃ
1485 1393 1530 1439 τῇ
1550 1392 1655 1429 νυκτὶ.
1702 1392 1869 1429 Articulum
1890 1404 1947 1427 ex-

395 1450 477 1484 cidit
496 1449 596 1484 etiam
617 1449 658 1483 ab
682 1449 733 1482 ed.
757 1450 872 1483 Petnv.
897 1449 1015 1483 Colon.
1041 1468 1085 1474 —
1133 1448 1215 1482 lbid.
1253 1451 1335 1483 ven.
1360 1461 1422 1494 pro
1444 1443 1472 1495 ’ἦ
1495 1448 1693 1495 γεγέννηται
1711 1449 1814 1485 habet
1835 1446 1946 1496 ὄγδόῃ

393 1507 599 1552 γεγέννηται.
623 1526 668 1533 -
711 1506 735 1539 1.
750 1506 781 1541 8.
806 1505 848 1539 ab
870 1506 932 1539 inf.
968 1503 1073 1541 πόὲεν
1097 1502 1238 1541 δύναται
1260 1505 1427 1551 ἐπιμεῖναι
1450 1507 1533 1540 Ven.
1557 1525 1600 1533 —
1646 1506 1669 1542 l.
1692 1506 1819 1552 penule.
1851 1505 1945 1546 ἐδω-

394 1562 524 1609 ρήσατο
547 1564 633 1598 ven.

483 1621 677 1668 Pagsz.
723 1620 745 1654 1.
759 1620 792 1654 2.
820 1618 923 1656 εἰπών
945 1621 1029 1653 Ven.
1054 1638 1095 1645 ——
1144 1619 1166 1654 1.
1179 1620 1211 1655 3.
1247 1621 1369 1654 venet.
1399 1619 1528 1664 pleniu-
1558 1619 1608 1660 εἰς
1636 1615 1739 1656 αὐτὸν
1767 1617 1857 1664 μετὰ
1880 1618 1944 1664 τὴν

392 1677 546 1723 γέννησιν
567 1676 828 1722 γεγεννημένων.
855 1696 898 1703 -
943 1676 967 1711 1.
981 1679 1014 1712 5.
1040 1678 1090 1710 Ex
1113 1676 1189 1710 cod.
1205 1677 1336 1710 Veneto
1357 1687 1485 1722 repone
1502 1673 1639 1723 χρόνον,
1663 1675 1724 1712 καὶ
1743 1671 1943 1723 ἦκριβωκότ

391 1747 448 1775 τος
469 1736 528 1770 τοῦ
550 1733 750 1779 φαινομένου
772 1729 926 1778 α’στέρος.
950 1752 996 1760 -
1041 1733 1065 1767 1.
1079 1734 1133 1768 21.
1168 1732 1354 1778 γεγονότων
1385 1732 1500 1769 ἔπειτα
1529 1732 1699 1779 πανταχοῦ
1722 1733 1806 1766 Ven.
1831 1751 1875 1760 -—
1920 1733 1944 1767 1.

391 1790 447 1826 24.
472 1788 580 1836 αὐτὴν
603 1788 743 1835 φάσκει,
767 1789 825 1827 διὰ
846 1789 884 1826 τὸ
906 1791 989 1824 Ven.
1006 1809 1052 1816 —
1097 1789 1119 1823 1.
1132 1789 1187 1825 26.
1211 1788 1299 1826 κατὰ
1319 1786 1431 1825 αὐτῶν
1452 1789 1534 1834 γένη
1556 1787 1673 1824 ἐλθεῖν
1686 1789 1772 1824 Ven.
1790 1806 1837 1817 -—
1875 1789 1897 1823 Ι.
1910 1790 1942 1824 5.

391 1849 432 1882 ab
452 1848 512 1882 inf.
545 1847 680 1885 ἐκεῖθεν
710 1846 778 1885 οἶπό
813 1849 894 1882 ven.
923 1866 963 1872 —
1009 1846 1030 1880 l.
1048 1846 1082 1881 3.
1102 1846 1144 1879 ab
1163 1845 1225 1880 inf.
1261 1844 1320 1883 διὰ
1349 1845 1412 1892 τήν
1441 1846 1506 1891 τῆς
1527 1842 1733 1892 ἀπογραφῆς
1759 1845 1943 1894 παρονοίαν

390 1907 474 1940 Ven.
503 1924 542 1931 -
589 1905 612 1939 l.
638 1906 767 1950 penult.
790 1898 893 1949 ηὗρον
917 1904 1000 1937 Ven.

482 1963 590 2009 Peg.
606 1962 680 1999 64.
724 1962 748 1995 1.
765 1959 798 1996 4.
823 1959 861 2001 ἐξ
882 1956 942 1995 ὅτε
963 1955 1128 2003 ἐγεννήὲη
1152 1958 1237 1992 Ven-
1264 1979 1304 1985 -
1352 1959 1374 1994 l.
1392 1958 1424 1994 9.
1460 1963 1568 2003 ποιεῖ,
1601 1965 1682 1994 ante
1703 1957 1840 2004 ἐκεῖσε,
1874 1970 1941 1995 om.

391 2020 476 2053 Ven.
500 2038 545 2045 —
590 2019 613 2052 l.
637 2020 688 2053 10.
723 2016 918 2061 ἐπιστρέφει
939 2014 996 2050 ἐπὶ
1013 2012 1075 2059 την
1094 2009 1270 2050 Ἰουδαίαν.
1291 2017 1374 2050 Ven.
1401 2035 1439 2042 —
1489 2015 1513 2049 l.
1531 2017 1583 2050 11.
1616 2015 1687 2053 ἔτει
1701 2026 1768 2050 on.
1790 2017 1876 2052 Ven.
1897 2035 1942 2042 —

390 2076 414 2109 1.
427 2076 483 2110 22.
510 2071 639 2111 Ἔνθεν
661 2072 693 2120 γ’
714 2067 772 2111 οὖν
793 2075 908 2107 venet.
922 2098 932 2116 ,
953 2071 1043 2105 cuius
1062 2070 1138 2104 libri
1155 2071 1190 2104 iu
1214 2072 1430 2107 exscribenda
1450 2072 1614 2118 scriptura
1636 2073 1846 2119 discrepante
1863 2072 1943 2107 inde

392 2133 434 2166 ab
454 2132 520 2166 hoc
538 2132 615 2166 loco
629 2131 733 2165 docto
757 2130 912 2164 nostratia
933 2128 1076 2163 hominis
1097 2139 1196 2161 manu
1218 2140 1293 2162 usus
1315 2141 1400 2170 sum,
1425 2129 1480 2175 qui
1506 2129 1596 2163 omni
1616 2137 1652 2164 et
1665 2129 1782 2164 fidoet
1799 2129 1942 2176 diligen-

390 2190 438 2224 tia
458 2201 499 2223 eo
518 2188 655 2233 negotio
676 2187 871 2232 perfunctus
887 2193 948 2220 est.
964 2205 1008 2211 -
1055 2187 1079 2218 1.
1099 2186 1154 2219 25.
1180 2183 1229 2225 ὥς
1249 2183 1432 2231 ὑπελήφθη
1454 2184 1517 2222 ιῖπό
1540 2197 1579 2221 τε
1597 2185 1764 2232 Κερίνθου
1784 2188 1871 2229 Ῡᾳι.
1898 2207 1939 2214 -

391 2247 416 2280 1.
432 2245 489 2281 26.
514 2243 534 2283 δ
554 2241 634 2290 ὄφις
653 2245 737 2278 Ven.
765 2263 806 2270 —-
853 2243 875 2276 l.
896 2244 944 2278 10.
968 2243 1010 2276 ab
1025 2242 1086 2276 inf.
1111 2238 1286 2287 ἄνθρωπον
1306 2254 1428 2288 πεφην.
1455 2243 1537 2277 Ven.
1567 2261 1614 2269 -
1660 2242 1745 2277 lbid.
1767 2241 1878 2280 πάντα·
1893 2241 1942 2288 ἧ·-

391 2301 548 2348 γούμενοι
569 2304 655 2336 Ven.
682 2320 722 2327 -
769 2300 792 2334 l.
811 2299 844 2335 9.
864 2300 906 2333 ab
931 2299 993 2333 inf.
1016 2295 1195 2345 αἷκριβοῦσι
1217 2301 1303 2333 Ven.
1327 2319 1372 2326 —-
1417 2300 1440 2333 1.
1453 2300 1485 2335 7.
1508 2299 1550 2333 nb
1569 2299 1632 2334 inf.
1665 2297 1758 2342 υἱός,
1779 2307 1859 2336 ante
1879 2298 1940 2344 ὥς,

392 2372 458 2393 om.
482 2361 566 2394 Ven.
591 2377 637 2385 —
682 2358 706 2391 l.
723 2357 754 2392 6.
780 2357 822 2391 ab
843 2357 906 2390 inf.
942 2352 1072 2400 ἀληθές
1101 2355 1190 2391 ἐστιν
1222 2358 1305 2390 Ven.
1329 2375 1375 2382 —
1419 2356 1442 2390 l.
1457 2357 1489 2390 5.
1511 2355 1552 2390 ab
1574 2355 1637 2391 inf.
1671 2355 1835 2403 δεδέχθαι
1856 2358 1939 2392 Ven.

389 2435 434 2444 —
459 2417 483 2451 l.
494 2416 527 2452 3.
550 2416 592 2450 ab
614 2415 674 2449 inf.
711 2411 920 2459 ὀγδοήκοντα
944 2412 1028 2448 ἐτῶν
1047 2413 1111 2448 ποῦ
1137 2413 1218 2458 (sic)
1241 2409 1414 2458 τυγχάνων
1435 2412 1528 2458 πλέω
1548 2411 1708 2457 ἐλάσσω,
1741 2425 1774 2449 κ.
1797 2412 1884 2460 ἔχων
1901 2411 1940 2456 ἓξ

391 2472 484 2514 υἱοὺς
506 2475 591 2507 Ven.
616 2491 659 2498 -
704 2471 728 2505 l.
750 2471 809 2506 ult.
837 2467 963 2514 ταύτην
987 2469 1027 2505 δὲ
1049 2468 1111 2514 τήν
1136 2469 1321 2514 οἰκονομίαν
1346 2470 1431 2516 ven.

483 2532 591 2578 Ρη,
615 2530 688 2567 66.
739 2529 762 2561 1.
788 2530 816 2562 1.
853 2524 955 2562 αὐτοῦ
979 2525 1179 2572 ἐτύγχανεν;
1203 2527 1287 2560 Ven.
1312 2545 1354 2552 —
1401 2525 1423 2560 1.
1438 2523 1471 2560 4.
1502 2523 1547 2561 τὰ
1574 2524 1666 2562 κατὰ
1690 2523 1860 2578 νομὸν-ἐξ
1874 2521 1939 2562 ’ὅτε

391 2589 475 2623 Ven.
499 2607 542 2614 —
587 2587 610 2620 1.
628 2587 661 2620 5.
684 2585 848 2630 παρῇένος
874 2584 927 2628 εἴη
940 2610 950 2624 ,
974 2579 1037 2619 κᾶν
1059 2581 1094 2619 ἐν
1114 2583 1197 2629 οἴκῳ
1218 2595 1253 2618 π.
1277 2582 1326 2618 ἔτι
1345 2579 1488 2628 ιῖπάρχα
1509 2582 1569 2618 τοῦ
1587 2579 1824 2628 &nomnium
1845 2582 1939 2628 λέγε-

390 2657 446 2679 ται
464 2645 548 2678 Ven.
572 2663 616 2670 —-
661 2643 684 2677 l.
700 2643 731 2678 7.
766 2641 876 2677 ἕνεκεν
899 2642 983 2674 Ven.
1006 2659 1049 2666 ·-
1095 2640 1117 2674 l.
1135 2642 1157 2675 8
1179 2647 1213 2673 et
1234 2639 1266 2675 9.
1301 2637 1485 2683 ἐκπλῆττον
1513 2637 1579 2684 γὰρ
1601 2637 1640 2675 τὸ
1664 2649 1764 2684 μυστ.
1783 2638 1868 2673 ven,
1892 2658 1939 2666 .-

390 2700 415 2733 1.
435 2701 485 2735 10.
509 2698 607 2745 οἷγίου
632 2712 699 2734 om.
719 2700 802 2734 ven.
829 2717 868 2723 —
918 2697 1001 2731 lbid.
1037 2697 1132 2733 πᾶσα
1149 2694 1224 2732 λεῖοὶ
1247 2708 1286 2732 τε
1307 2695 1367 2732 καὶ
1386 2707 1514 2741 πεφωτ.
1536 2691 1582 2739 ἦν
1603 2693 1652 2736 οἷς
1668 2693 1753 2733 ἐτῶν
1776 2687 1851 2740 (οὖν
1872 2696 1937 2730 de·—

392 2758 458 2800 est)
480 2755 656 2801 τριάκοντα
672 2758 759 2801 Νειι.
785 2775 826 2781 -
873 2755 896 2790 l.
913 2755 963 2789 12.
1000 2754 1112 2788 Verba
1142 2753 1203 2789 καὶ
1234 2753 1414 2793 Ματῇαῖος
1442 2763 1508 2787 om.
1530 2753 1615 2787 ven.
1637 2771 1683 2778 —
1727 2750 1750 2785 1.
1773 2751 1825 2788 16.
1857 2751 1938 2793 τοὺς

392 2810 447 2847 ὑπ’
468 2810 571 2848 αὐτοῦ
593 2825 664 2858 γεγ.
685 2814 769 2848 ven.
795 2831 836 2838 -
882 2812 907 2845 1.
924 2812 975 2847 18.
1008 2811 1068 2846 τοῦ
1089 2808 1206 2855 ’Δδάμ
1226 2812 1310 2846 Ven.
1334 2827 1380 2836 —
1424 2808 1449 2843 l.
1466 2807 1517 2843 19.
1550 2807 1611 2843 καὶ
1633 2806 1691 2844 διὰ
1711 2806 1751 2845 δὲ
1769 2809 1829 2844 τοῦ
1850 2810 1939 2845 Ven-

391 2887 434 2894 —
459 2869 482 2902 1.
493 2871 545 2904 21.
581 2874 608 2903 Δ
632 2871 715 2904 Ven.
737 2869 835 2903 abest
853 2867 961 2904 πάλιν.
986 2887 1028 2894 -
1075 2867 1099 2902 1.
1113 2867 1166 2901 22.
1199 2878 1289 2911 ηπερ
1311 2864 1375 2911 την
1397 2862 1450 2901 α’λ.
1472 2865 1555 2899 ven.
1579 2882 1625 2891 —
1667 2863 1764 2900 1.25.
1795 2863 1854 2906 ἐπὶ
1875 2865 1934 2902 τοῦ

393 2927 547 2968 σωτῆρος
569 2927 634 2972 (τῷ
656 2925 747 2971 λόγῳ
765 2925 878 2970 deest)
900 2927 986 2959 Ven.
1007 2943 1050 2950 -
1096 2924 1120 2957 l.
1133 2924 1189 2959 27.
1214 2923 1249 2959 ἐν
1268 2923 1314 2970 τῇ
1331 2920 1460 2968 Ἰταλίᾳ
1477 2921 1561 2956 Veu.
1586 2939 1629 2945 —
1675 2920 1698 2954 l.
1714 2919 1771 2956 29.
1795 2922 1934 2968 Reputo

393 2980 563 3025 Κρήσκης
585 2994 625 3014 ex
646 2984 730 3016 Ven.
756 3001 798 3008 —
844 2982 866 3015 l.
882 2980 914 3016 4.
936 2981 979 3015 ab
1000 2981 1063 3014 inf.
1085 2980 1140 3015 ἵνα
1157 2976 1414 3026 α’ποστρέψηται
1430 2978 1516 3012 vn.
1540 2995 1584 3003 —
1629 2975 1703 3012 1.3.
1722 2977 1765 3012 ab
1785 2977 1848 3014 int.
1871 2974 1934 3019 οὔκ

391 3034 535 3080 ἐνόησαν
558 3040 640 3072 Ven.
667 3058 710 3065 —
754 3039 777 3074 1.
802 3039 862 3072 ult.
885 3037 1056 3084 γηραλαίᾳ
1077 3038 1163 3073 Ven.

2001 2928 2020 2936 ς
