2020 3276
389 245 573 280 rammi
595 245 680 280 mn.
701 245 761 280 ιιι.
782 244 893 280 Tora.
911 246 954 280 11.
977 245 1112 281 nsua.
1132 248 1308 281 Lxxvn.
1544 238 1626 282 353

123 345 171 366 t·-
194 322 308 369 flacc
330 322 386 368 illi
409 325 499 368 dum
524 325 572 368 ad
594 338 682 368 eum
711 325 865 368 modum
893 326 1168 381 pronuntiant,
1210 341 1289 369 non
1314 327 1628 371 animadvertunt
1654 341 1809 386 C⁸P·X¹·

82 397 325 452 *lupera
350 407 486 438 aecum
515 393 592 451 ipsi
622 400 810 451 pugnent.
872 392 989 436 Licet
1022 395 1125 436 enim
1163 409 1215 437 ex
1248 393 1377 438 Maria
1411 397 1629 453 profectum

82 472 225 520 m
254 475 346 505 asso
368 476 450 505 non
473 462 619 515 dicant,
651 463 721 505 sed
746 462 1080 505 consubstantiale
1108 463 1232 505 verbo
1257 465 1463 516 duntaxat,
1489 465 1629 507 nihilo·

81 527 217 578 &a
240 537 393 584 umen,
435 531 538 588 quod
565 545 614 573 ne
634 531 784 574 sentire
806 531 1037 574 viderentur
1057 532 1189 573 vereri
1215 546 1260 574 se
1288 533 1544 586 simulabant,
1589 535 1628 576 in

82 598 336 657 fies-ipanus,
378 613 478 656 qnae
510 606 574 642 est
597 600 751 642 illorum
777 600 998 652 stoliditas,
1043 601 1223 642 oratione
1249 614 1320 643 sua
1345 602 1467 657 palam
1497 603 1631 645 incur-

81 674 271 723 mre!
284 667 584 726 quaternionem
604 668 710 711 iilum
734 668 958 710 admittunt.
1020 667 1178 711 Etenim
1204 669 1258 711 uti
1287 669 1408 722 filius,
1455 671 1520 727 qui
1543 671 1630 713 itto-

81 741 179 781 ἡ·
198 737 396 780 anutentia
426 736 526 794 patri
559 737 907 779 consubstantialis
925 743 1013 789 est,
1057 737 1216 780 minime
1240 738 1306 780 ille
1331 739 1484 794 quidem
1519 746 1631 795 pater

82 811 175 858 0⁸04ss
210 805 284 849 aad
307 805 409 849 titius
429 805 528 863 patri
563 805 908 848 consubstantialis
931 805 1171 862 appellatur,
1218 806 1272 848 ita
1296 808 1631 850 consubstantiale

82 874 217 919 verb&
238 888 383 932 corpus
417 889 495 917 non
527 875 652 931 ipsum
684 874 847 917 verbum
880 881 965 927 est,
1013 875 1080 917 sed
1114 875 1215 917 aliud
1247 875 1426 932 quiddam
1457 891 1479 917 a
1508 876 1630 918 verbo

83 942 324 988 &hot-u.
396 941 512 999 Quod
546 943 581 986 si
611 943 715 985 aliud
749 950 835 996 est,
881 943 1036 985 illorum
1068 943 1224 986 trinitas
1257 944 1298 985 in
1331 945 1630 1000 quaternionem

82 1008 300 1070 restet-r.
361 1009 494 1055 Verae
523 1012 664 1069 quippe
693 1019 735 1055 et
767 1012 899 1069 reipsa
932 1013 1132 1069 perfectae
1167 1019 1208 1054 et
1239 1012 1433 1055 indivisae
1467 1013 1633 1055 trinitati

83 1078 191 1125 Μ·
222 1080 310 1124 fiai-i
339 1088 470 1138 potest
500 1081 703 1134 accessio,
747 1087 906 1138 praeter
936 1095 1048 1137 quam
1084 1095 1289 1138 perperam
1321 1081 1387 1123 isti
1423 1082 1632 1124 commenti

85 1155 217 1194 santa,
254 1147 392 1205 Quare
414 1147 630 1192 Christiani
660 1163 750 1192 esse
781 1150 845 1206 qui
883 1157 1049 1206 possunt
1076 1151 1141 1206 qui
1164 1150 1330 1192 alterum
1357 1150 1405 1192 ab
1431 1164 1480 1192 eo
1500 1151 1566 1206 qui
1589 1164 1633 1192 re

86 1230 184 1262 vm
207 1218 306 1261 dena
335 1225 399 1261 est
421 1218 520 1260 falsa
537 1217 617 1261 sibi
651 1218 909 1275 persuasione
945 1219 1170 1272 tinxerunt3
1213 1233 1352 1261 rursus
1374 1220 1477 1260 enim
1504 1219 1543 1260 in
1575 1219 1634 1261 al·

86 1293 175 1330 tora
192 1286 357 1344 quadam
376 1287 540 1329 istorum
564 1287 814 1329 caviiiatione
837 1294 980 1343 quanta
1002 1287 1054 1329 sit
1074 1301 1210 1329 eorum
1235 1288 1430 1330 stoliditas
1454 1295 1630 1343 apparet.

85 1354 259 1400 Nomai
289 1369 361 1413 pro
389 1369 440 1398 eo
468 1356 571 1412 quod
601 1354 785 1399 Christus
806 1370 949 1413 corpus
971 1370 1024 1398 ex
1044 1354 1174 1398 Maria
1199 1364 1331 1398 natum
1356 1365 1396 1399 et
1424 1356 1633 1399 humanum

87 1433 151 1470 eat
168 1432 287 1482 atque
316 1425 357 1467 in
375 1424 581 1482 scripturis
609 1438 700 1467 esse
725 1425 887 1477 dicitur,
931 1425 1228 1481 quaternionem
1251 1426 1399 1468 ideireo
1422 1439 1493 1483 pro
1524 1425 1636 1467 triui-

86 1502 178 1538 um
191 1494 379 1537 eontitni
411 1501 549 1551 putant
571 1508 619 1536 eo
639 1494 740 1549 quod
770 1493 958 1550 quaedam
982 1492 1066 1535 fieri
1091 1493 1273 1536 videatur
1295 1495 1472 1551 corporis
1499 1508 1635 1536 acces-

87 1563 166 1617 do,
196 1562 453 1607 dementer
475 1570 610 1605 errant
630 1563 696 1618 qui
718 1562 911 1605 conditori
933 1563 1124 1619 opificium
1145 1577 1259 1605 suum
1281 1563 1444 1619 aequale
1471 1562 1633 1615 faciunt,

89 1639 131 1676 οι
151 1632 201 1675 ad
224 1630 470 1675 divinitatem
501 1632 691 1674 accedere
724 1646 841 1688 posse
872 1632 1015 1688 aliquid
1049 1631 1312 1685 arbitrantur,
1357 1646 1431 1674 nee
1460 1632 1552 1673 ittud
1577 1631 1638 1672 in-

89 1701 296 1758 tottigaat,
339 1714 421 1743 non
452 1700 501 1742 ad
534 1700 650 1742 uttam
685 1700 816 1743 carnis
852 1701 1122 1743 accessionem
1155 1700 1318 1742 verbum
1353 1714 1513 1743 carnem
1547 1714 1638 1743 esse

88 1771 258 1822 finan,
300 1769 373 1813 aed
395 1776 438 1812 ut
460 1783 555 1812 caro
581 1769 666 1826 ipsa
695 1777 950 1825 resurgeret,
993 1783 1120 1825 neque
1152 1769 1339 1821 verbum,
1386 1784 1464 1826 quo
1486 1770 1533 1811 ad
1557 1783 1639 1811 me-

87 1837 229 1883 lion·
247 1838 415 1896 nliqnam
436 1838 699 1881 conditionem
730 1839 1036 1890 transferretur,
1077 1852 1129 1880 ex
1152 1836 1282 1880 Maria
1309 1838 1525 1894 prodiisse,
1568 1837 1640 1880 scd

93 1913 146 1951 nt.
166 1906 516 1964 boninumgenus
545 1907 774 1949 redimeret.
835 1905 917 1949 lam
947 1921 1045 1950 vero
1076 1907 1270 1964 quomodo
1292 1906 1376 1948 fieri
1400 1914 1529 1964 potest
1551 1920 1640 1948 cor-

92 1987 170 2034 pu
194 1981 250 2020 nt
266 1974 383 2028 ittae,
427 1975 529 2032 quod
551 1989 621 2032 per
636 1976 800 2018 verbum
823 1976 1065 2033 redemptum
1089 1990 1135 2018 ac
1157 1976 1239 2018 vita
1259 1977 1443 2019 donatum
1470 1984 1556 2028 est,
1603 1975 1640 2018 ei

93 2057 118 2087 a
144 2057 224 2101 qne
254 2043 373 2088 vitam
410 2044 560 2100 accepit
598 2044 714 2087 uuam
753 2044 969 2087 divinitatis
1004 2045 1273 2088 accessionem
1308 2046 1434 2102 possit
1465 2045 1640 2087 afferre?

91 2110 200 2156 Nan
219 2125 244 2156 e
268 2112 469 2155 contrario
490 2111 689 2156 uberrima
707 2113 773 2155 iila
794 2113 949 2171 quidem
974 2114 1022 2156 ad
1045 2114 1253 2157 humanum
1277 2128 1421 2172 corpus
1444 2128 1498 2157 ex
1518 2112 1641 2155 divini

94 2180 207 2225 verbi
226 2180 501 2224 communione
521 2181 869 2238 commistioneque
892 2184 995 2225 facta
1018 2190 1080 2225 est
1102 2183 1298 2226 accessio.
1361 2182 1563 2239 Siquidem
1588 2194 1641 2223 ex

94 2249 249 2294 mortali
269 2249 512 2303 immortale,
544 2263 596 2292 ex
619 2249 775 2293 animali
799 2250 975 2308 spiritale
999 2252 1191 2294 redditum
1217 2259 1303 2305 est,
1345 2259 1462 2308 atque
1486 2265 1509 2293 e
1534 2257 1641 2292 terra

94 2320 311 2378 profectum
333 2318 433 2361 coeii
463 2326 595 2375 portas
618 2319 854 2375 penetravit.
915 2317 1104 2363 Ceterum
1130 2321 1285 2363 trinitas
1308 2320 1418 2376 ipsa,
1463 2318 1642 2375 quamvis

95 2388 260 2431 verbum
287 2400 311 2431 c
330 2385 460 2430 Maria
481 2400 624 2442 corpus
647 2387 865 2444 acceperit,
898 2388 1052 2431 trinitas
1073 2397 1160 2441 est,
1202 2389 1264 2432 cui
1299 2403 1373 2431 nec
1397 2388 1482 2429 addi
1515 2393 1645 2443 potest

98 2457 318 2515 quidpiam,
358 2469 486 2512 neque
519 2455 695 2507 detrahi,
739 2455 808 2497 sed
832 2457 1003 2512 perfecta
1033 2471 1191 2514 semper
1219 2464 1304 2510 est,
1347 2457 1443 2499 etin
1470 2454 1645 2497 trinitate

97 2525 311 2583 singularia
340 2525 524 2567 diviuitas
549 2524 778 2580 agnoscitur
799 2531 916 2581 atqua
942 2526 996 2568 ita
1019 2526 1173 2568 demum
1197 2539 1297 2569 unus
1323 2526 1420 2568 deus
1444 2523 1555 2567 verbi
1577 2537 1644 2581 pa·

97 2600 162 2638 ter
189 2595 229 2637 in
260 2593 430 2637 ecclesia
462 2593 724 2651 praedicatur.

142 2704 146 2710 ,
211 2660 362 2706 Eadem
383 2676 501 2720 porro
522 2660 673 2704 ratione
697 2668 736 2703 et
757 2674 802 2703 os
828 2660 905 2703 iliis
929 2662 1157 2705 occludetur
1187 2663 1250 2719 qui
1282 2663 1412 2704 dicere
1438 2660 1644 2717 aliquando
1670 2678 1749 2724 0⁸1>-
1771 2678 1848 2712 χῃ,

101 2731 187 2776 ausi
215 2738 309 2776 sunt
329 2745 418 2775 cuin
442 2731 508 2788 qui
541 2743 595 2773 ex
616 2727 747 2772 Maria
780 2730 974 2786 processit
1003 2745 1081 2773 non
1110 2731 1233 2787 ipsum
1260 2744 1349 2774 esse
1375 2727 1575 2774 Christum
1600 2743 1646 2772 ao

148 2913 180 2951 9-
204 2912 329 2957 iton-ip»
351 2911 413 2958 τήν
435 2915 472 2948 Β.
946 2911 996 2947 14.
1019 2913 1070 2958 τῷ
1093 2912 1185 2957 λόγῳ
1208 2912 1258 2958 τῳ·
1290 2914 1390 2954 Cenon.
1413 2922 1448 2948 π.
1472 2913 1510 2947 Β.

151 2962 204 2995 10.
227 2958 268 2996 δὲ
294 2962 380 2993 obeat
401 2969 423 2992 ο
445 2961 483 2992 Β.
947 2959 996 2992 15.
1021 2959 1071 3003 τῷ
1096 2956 1188 3002 α’νὶτρ.
1214 2960 1247 2992 Β.
1275 2960 1374 2993 Recte.

151 3008 205 3042 n.
226 3003 403 3050 γινομένης
425 3002 483 3040 διὰ
504 3002 543 3039 τὸ
567 3005 604 3038 Β.
949 3004 998 3037 16.
1023 3001 1088 3039 ἀπὸ
1114 3002 1179 3048 γὰρ
1202 3004 1238 3037 Β.

153 3051 204 3086 ¹².
228 3051 295 3086 τῶν
318 3046 504 3093 ἀνθρώπων
527 3051 564 3084 Β.
946 3047 1026 3083 Cn.
1045 3050 1123 3083 ΧΙΙ.
1149 3068 1192 3075 -
1242 3050 1270 3083 1.
1293 3047 1338 3094 δή
1363 3051 1398 3084 Β.

154 3097 205 3131 13.
230 3097 351 3131 οἴονται
373 3093 411 3130 τὸ
436 3097 470 3128 Β.

175 3151 294 3188 Carpna
312 3149 492 3181 Haereaeol.
504 3149 542 3179 n.
554 3150 581 3179 Ι.
1324 3155 1378 3198 23
