2020 3276
199 2488 266 2518 pag.
284 2479 363 2510 1⁰¹1.

392 257 474 299 468
960 261 1123 296 smc‘rl
1145 262 1374 296 nummu

390 342 440 385 οὗ
471 339 579 384 πάνυ
608 357 644 383 τι
678 340 853 396 δύναμαι
883 341 1038 384 εἰδέναι.
1110 339 1226 395 Πλὴν
1255 340 1351 384 οὐδὲ
1381 338 1524 383 τούτου
1555 341 1654 384 εἰσὶν
1687 337 1939 393 ἀποδέοντες,

390 409 556 465 μάλιστα
580 413 603 439 ⁴
616 407 824 453 ἐπιτοαυτδ
849 413 964 468 κοινῇ
988 408 1032 452 τό
1058 407 1250 461 κοιτάζειν
1272 408 1478 464 ἐσχηκότες
1497 408 1580 464 ἅμα
1602 409 1759 466 γυναιξὶ
1780 410 1850 453 καὶ
1870 409 1938 454 ἇν-

389 476 541 534 δράσιν.
604 472 729 521 Οὗτοι
758 479 802 520 δὲ
829 478 897 520 καὶ
927 478 968 521 ἐν
1004 474 1248 536 θἈντιοχείςι
1279 478 1378 521 εἰσὶν
1406 475 1488 520 ἀπὸ
1517 482 1586 533 τῆς
1607 478 1749 533 Μέσης
1770 483 1851 522 vav
1867 494 1937 522 πο-

387 550 525 602 ταμῶν
553 543 794 602 ὁρμώμενοι.

491 612 640 669 Ἕσχον
670 616 712 658 δὲ
733 613 778 659 τὸ
806 613 1000 672 βλαβερὰν
1019 617 1136 658 τοῦτο
1163 612 1352 670 φρόνημα
1377 610 1460 657 ἀπὸ
1485 618 1556 668 τῆς
1577 612 1766 671 ἀμετρίας
1785 619 1865 658 ταῖν
1883 630 1940 658 τι.

386 700 469 726 νων
490 682 674 736 ἀδελφῶν
695 682 889 737 ἀφελείας.
954 683 1066 733 Τινὲς
1089 681 1164 739 γάρ
1195 686 1276 725 τῶν
1301 679 1501 738 ἡμετέρων
1522 680 1710 735 ἀδελφοῖν
1726 683 1797 727 καὶ
1816 681 1940 740 σ’ρθο·

388 751 536 805 δόξων,
578 751 633 807 μὴ
661 751 917 809 γινώσκοντες
941 750 986 795 τὸ
1017 752 1162 807 μέτρον
1193 755 1265 805 τῆς
1290 751 1333 793 έν
1362 754 1522 809 Χριστῷ
1553 753 1769 804 πολιτείας,
1809 751 1856 795 τό
1878 768 1939 795 κε-

387 825 504 864 λεῦον
524 819 824 864 ἀποτάσσεσθαι
843 825 901 879 τῷ
920 821 1057 879 κόσμῳ
1069 854 1080 873 ,
1110 818 1320 874 κτημάτων
1338 835 1379 862 τε
1396 821 1508 862 ἰδίων
1527 820 1596 862 καὶ
1611 818 1819 877 χρημάτων
1836 819 1938 863 ἀπο-

387 892 623 942 ξενοῦσθαι,
664 894 808 932 πωλεῖν
831 905 871 932 τε
887 887 937 931 τά
958 890 1042 932 ἴδια
1063 889 1131 931 καὶ
1155 885 1408 942 μεταδιδόναι
1429 893 1618 943 πτωχοῖς,
1656 887 1872 943 λαμβάνειν
1895 888 1939 932 δὲ

387 956 457 1001 τόν
485 956 658 1014 σταυρὸν
688 959 756 1001 καὶ
790 955 1034 1000 ἀκολουθεῖν
1067 958 1111 1000 ἐν
1142 955 1332 1014 ἀληθείᾳ,
1373 954 1428 1011 μὴ
1464 954 1610 1013 ἀργόν,
1653 955 1752 1012 μήτε
1779 954 1938 1014 ἀεργὸν,

386 1028 453 1069 καὶ
486 1025 782 1084 ἀκαιροφάγον,
824 1026 923 1080 μηδὲ
962 1029 1044 1084 ιτῷ
1071 1029 1226 1080 κηφῆνι
1260 1029 1339 1067 τῶν
1372 1029 1585 1079 μελισσῶν,
1630 1022 1862 1083 ἐργάξεσθαι
1895 1025 1939 1069 δὲ

386 1100 474 1145 ταῖς
498 1096 617 1146 ἰδίαις
640 1098 786 1152 χερσίν
831 1093 960 1150 ὥςπερ
991 1094 1057 1136 καὶ
1083 1091 1108 1136 0‘
1131 1091 1244 1149 ἅγιος
1266 1091 1486 1143 ἀπόστολος
1509 1097 1673 1144 Παῦλος
1694 1091 1939 1148 ἀποταξάμε-

386 1181 455 1214 νος
473 1168 530 1222 τῷ
550 1164 711 1224 κόσμῳ,
741 1163 866 1220 κήρυξ
889 1163 932 1205 δὲ
950 1159 1007 1204 ὢν
1027 1167 1099 1217 τῆς
1120 1159 1331 1216 ἀληθείας,
1361 1156 1411 1204 οὗ
1432 1163 1478 1204 αί
1491 1167 1614 1219 χεῖρες
1633 1161 1683 1206 οῦ
1704 1160 1831 1218 μόνον
1841 1162 1939 1205 Ἑαυ-

386 1237 441 1291 τῷ
465 1231 688 1287 ἐπήρκουν,
719 1230 815 1275 ἀλλά
836 1232 906 1274 καὶ
927 1236 1012 1280 τοῖς
1035 1234 1223 1274 συνοῦσιν
1246 1229 1372 1289 αὐτῷ·
1404 1227 1478 1274 οὔκ
1502 1224 1591 1274 οὖσι
1613 1230 1658 1274 δὲ
1679 1232 1846 1282 ἐκείνοις
1867 1229 1938 1287 ἀρ·

386 1306 493 1357 γοῖς,
534 1299 614 1344 ἀλλ’
639 1299 722 1355 ἅμα
741 1304 1018 1356 συμπαροῦσιν
1038 1298 1148 1357 αὐτῷ
1174 1300 1216 1342 έν
1235 1304 1284 1359 τῇ
1307 1300 1487 1357 ἐργασίᾳ·
1531 1298 1621 1350 ’ὅς
1643 1317 1726 1343 που
1746 1303 1939 1354 καυχᾶται

385 1370 530 1425 λέγων,
574 1367 751 1411 διδάσκει
786 1373 804 1398 ³
818 1386 858 1411 τε
893 1369 1135 1422 σαφέστατα,
1178 1365 1223 1411 Ὁ
1255 1366 1311 1423 μή
1344 1366 1602 1424 ἐργαζόμενος
1630 1367 1730 1423 μηδὲ
1760 1368 1936 1412 ἐσθιέτω.

395 1437 507 1487 Τινὲς
528 1437 571 1480 δὲ
598 1443 676 1480 τῶν
698 1433 997 1494 προειρημένων
1015 1435 1225 1491 ἀδελφῶν,
1262 1434 1326 1486 ὀἷς
1352 1434 1434 1479 ἀπὸ
1461 1440 1533 1480 τοῦ
1554 1435 1685 1491 Μάνη
1708 1435 1936 1492 μεμαθηκό-

387 1523 449 1556 τες
469 1504 588 1560 τάχα,
629 1504 680 1548 ἵν’
702 1505 829 1556 οὕτως
863 1507 982 1558 εἷ’πω,
1024 1510 1096 1548 τοῦ
1128 1503 1210 1549 ἀπό
1239 1507 1434 1563 Περσίδος
1463 1503 1781 1561 ἀναβεβηκότος,
1821 1503 1939 1548 ὅτινα

386 1572 460 1617 οὐκ
486 1575 603 1630 ἐχρῆν
622 1574 750 1624 οὕτως
769 1572 890 1618 εἶναι·
921 1580 1085 1617 σκοπεῖν
1106 1575 1150 1617 δὲ
1169 1578 1314 1628 μᾶλλον
1338 1571 1432 1624 τούς
1449 1572 1660 1624 τοιούτους
1681 1574 1936 1631 παραγγέλλει

386 1642 412 1687 ὅ
434 1649 548 1694 θεῖος
578 1643 695 1700 λόγος
725 1642 821 1694 τοῦς
842 1643 967 1698 μηδὲν
999 1643 1291 1700 ἐργαζομένους.
1355 1639 1592 1696 Πεπλάνηκε
1619 1641 1695 1700 γάρ
1721 1659 1840 1685 τινων
1862 1639 1936 1696 τὴν

387 1714 518 1767 οἴησιν
551 1710 575 1755 o‘
594 1711 713 1769 λόγος
739 1710 764 1755 0‘
783 1710 890 1766 παρά
919 1715 976 1770 τῷ
1007 1715 1156 1767 σωτῆρι
1187 1711 1474 1768 γεγραμμένος,
1514 1707 1750 1767 Ἐργάζεσθε
1778 1708 1834 1765 μὴ
1862 1707 1936 1764 τὴν

385 1783 533 1836 βρῶσιν
567 1779 640 1835 τήν
676 1780 974 1835 ἀπολλυμένην,
1019 1778 1115 1822 ἀλλά
1151 1777 1258 1833 4’τήν
1292 1779 1488 1833 μένουσαν
1525 1780 1580 1828 εἰς
1619 1776 1722 1833 ζωὴν
1758 1776 1933 1822 αἰώνιον.

389 1853 607 1904 Νομίζουσι
643 1849 686 1892 δὲ
716 1847 789 1903 τὴν
822 1845 1097 1903 α’πολλυμένην
1125 1845 1222 1890 εἶναι
1248 1845 1321 1901 τὴν
1342 1845 1464 1902 καλὴν
1488 1848 1692 1903 ἐργασίαν,
1731 1840 1782 1902 ἧς
1801 1847 1860 1897 εἰς
1879 1848 1937 1889 δι·

385 1918 605 1972 καιοσύνην
636 1918 772 1972 ἔχομεν
801 1916 872 1960 τὸν
903 1916 1101 1971 κάματον·
1140 1914 1228 1971 ἥτις
1258 1917 1474 1972 ἐπληροῦτο
1502 1917 1544 1958 ἐν
1566 1912 1746 1972 Ἁβραάμ
1777 1913 1847 1966 διὰι
1863 1918 1936 1958 τοῦ

386 1984 555 2040 μόσχου,
599 1987 663 2028 καὶ
700 1987 777 2028 ὅέν
807 1990 856 2044 τῇ
887 1986 1160 2042 καματουργίᾳ
1192 1989 1263 2039 τῆς
1281 1983 1402 2040 χήρας
1425 1982 1492 2026 διά
1514 1988 1585 2026 τοῦ
1605 1981 1761 2037 Ἡλίου,
1803 1983 1872 2026 καὶ
1893 1984 1937 2026 ἐν

385 2058 434 2112 τῇ
457 2055 620 2112 ἐργασίᾳ
643 2058 715 2096 τοῦ
730 2051 825 2108 Ἰαῗβ
857 2051 924 2095 διά
945 2059 1026 2096 τῶν
1050 2052 1178 2095 αὐτοῦ
1209 2055 1364 2095 παίδων
1387 2053 1455 2095 καὶ
1479 2050 1710 2107 κτημάτων,
1747 2053 1816 2096 καὶ
1837 2050 1935 2094 πάν-

387 2139 464 2164 των
486 2127 566 2165 τῶν
586 2125 660 2165 τοῦ
681 2126 784 2164 θεοῦ
807 2121 962 2165 δούλων
993 2126 1072 2164 τῶν
1096 2122 1151 2171 εἰς
1175 2121 1431 2176 δικαιοσύνην
1459 2119 1693 2176 καμνόντων
1713 2126 1798 2171 ταῖς
1817 2121 1937 2171 ἰδίαις

386 2192 539 2247 χερσὶν,
581 2192 636 2241 εἰς
660 2189 704 2233 τὸ
729 2191 917 2247 ἐπαρκεῖν
949 2191 1017 2233 καὶ
1045 2197 1128 2240 τοῖς
1152 2190 1418 2245 ἐνδεομένοις·
1463 2188 1604 2240 καθαῖς
1632 2190 1702 2233 καὶ
1721 2189 1764 2232 ἐν
1783 2187 1934 2247 ἑκάστῳ

387 2262 658 2317 μοναστηρίῳ,
688 2260 731 2302 ἕν
750 2275 791 2301 τε
809 2263 858 2318 τῇ
877 2263 956 2301 τῶν
977 2261 1210 2316 Αἰγυπτίων
1231 2258 1338 2317 χώρᾳ
1359 2260 1427 2302 καὶ
1449 2260 1492 2302 ἐν
1512 2257 1660 2309 πάσαις
1677 2255 1837 2315 χώραις,
1867 2255 1935 2301 οῦ-

389 2345 444 2371 τω
468 2326 688 2383 κάμνουσιν
719 2329 775 2377 εἰς
797 2326 1064 2382 δικαιοσύνην.
1121 2325 1191 2378 Ὡς
1213 2325 1241 2382 ἦ
1267 2329 1440 2382 μέλιττα,
1483 2328 1590 2384 χερσὶ
1609 2326 1680 2382 μὲν
1699 2327 1844 2381 ἔχουσα
1866 2324 1936 2369 τόν

385 2395 513 2453 κηρόν
531 2401 603 2451 τῆς
624 2397 830 2453 ἐργασίας,
871 2395 942 2450 τὴν
965 2396 1008 2439 δὲ
1031 2395 1191 2450 ψεκάδα
1214 2400 1287 2439 τοῦ
1306 2397 1461 2451 μέλιτος
1479 2396 1523 2439 έν
1542 2399 1597 2454 τῷ
1616 2392 1798 2449 στόματι,
1839 2393 1935 2450 μετά

387 2469 460 2519 τῆς
482 2466 586 2515 ἰδίας
606 2462 837 2521 ὖμνηγόρου
859 2468 998 2519 φωνῆς
1016 2463 1085 2508 τὸν
1103 2469 1182 2507 τῶν
1214 2463 1375 2507 πάντων
1401 2461 1715 2518 δεσπότηνκατά
1736 2461 1810 2518 τῆν
1831 2465 1936 2507 ἰδίαν

386 2535 580 2589 αἴσθησιν
601 2530 804 2588 ὑμνοῦσα,
848 2531 903 2583 ὥς
926 2534 995 2576 καὶ
1017 2531 1213 2587 Σαλομαὶν
1233 2538 1442 2590 μαρτυρεῖ,
1485 2530 1547 2575 ὅτι
1565 2529 1640 2587 τῆν
1658 2534 1805 2585 σοφίαν
1823 2530 1936 2587 τιμή-

387 2616 488 2645 σασα
509 2600 719 2659 προήχθη,
759 2600 863 2644 οῦτω
885 2603 950 2645 καὶ
974 2604 1017 2645 οἷ
1038 2606 1110 2645 τοῦ
1133 2606 1236 2645 θεοῦ
1257 2604 1392 2645 δοῦλοι
1419 2602 1462 2644 οἱ
1479 2597 1642 2655 άληθῶς
1663 2600 1730 2643 ἐπὶ
1751 2604 1823 2655 τῆς
1847 2614 1929 2644 στε·

387 2661 480 2727 ρεᾶς
501 2671 648 2727 πέτρας
667 2674 739 2725 τῆς
760 2669 950 2724 ἀληθείας
970 2671 1315 2725 τεθεμελιωμένοι,
1345 2670 1414 2712 καὶ
1430 2667 1502 2712 τόν
1521 2665 1634 2712 οἷκον
1652 2666 1786 2711 αὐτῶν
1803 2667 1933 2723 ἀσφα-

386 2743 463 2789 λῶς
488 2740 815 2793 οἰκοδομοῦντες,
857 2740 977 2789 ἰδίαις
1003 2739 1110 2796 χερσὶ
1139 2737 1209 2789 τάς
1235 2737 1378 2789 λεπτάς
1397 2736 1533 2780 αὐτῶν
1553 2738 1736 2794 ἐργασίας
1756 2735 1931 2794 ἐργάζου.

385 2824 450 2850 ται
484 2806 585 2850 κατά
611 2806 686 2862 τὴν
723 2806 892 2850 ἑκάστου
921 2808 1066 2863 τέχνην.
1119 2806 1192 2850 Ἐν
1223 2806 1384 2863 στόματι
1414 2805 1458 2849 δὲ
1490 2804 1627 2860 σχεδόν
1658 2809 1792 2848 πᾶσαν
1819 2807 1934 2848 θείαν

432 2922 464 2953 4.
490 2921 545 2957 ἐπὶ
564 2921 602 2958 τὸ
625 2920 709 2959 αὐτὸ
722 2948 731 2966 ,
756 2926 803 2957 uti
823 2926 946 2966 assolet,
969 2925 1038 2957 cod.
1059 2924 1139 2957 Rhe-
1185 2924 1315 2968 κηφῆνι
1335 2923 1402 2958 τῶν
1424 2921 1594 2966 μελισσῶν
1617 2918 1842 2964 ὁμοιοῦσθαι,
1861 2918 1931 2965 ἑργ.

388 2965 452 3007 ‘²59-
1185 2970 1256 3004 κτλ.
1303 2969 1475 3002 comorius
1503 2969 1651 3000 convertit
1676 2977 1785 3011 neque
1806 2964 1931 2999 intem-

432 3012 463 3043 5·
486 3008 653 3058 Ἀντιοχία
675 3015 744 3047 cod.
766 3016 895 3057 Rhedig.
916 3040 920 3043 .
1183 3013 1312 3059 pontive
1341 3012 1450 3046 cibum
1480 3012 1685 3057 eapientem,
1717 3022 1825 3056 neque
1842 3010 1933 3044 hunc

435 3055 514 3088 CAP.
535 3059 588 3090 lv.
609 3077 653 3083 —-
703 3060 731 3091 1.
756 3060 858 3092 Deest
879 3058 1030 3095 ἐοικέναι.
1077 3062 1137 3093 Pe·
1182 3059 1292 3093 alieno
1313 3057 1427 3092 labore
1446 3064 1599 3102 partum,
1622 3057 1715 3092 velut
1733 3067 1835 3100 vespa
1857 3067 1931 3091 cum

388 3103 502 3134 tavius.
546 3104 603 3135 los.
636 3105 777 3145 Scaliyer
810 3107 931 3146 supplet
964 3103 1052 3148 μηδὲ
1084 3105 1134 3150 τῷ
1181 3104 1297 3149 apibus
1320 3103 1415 3138 solet.
