2020 3276
380 213 462 254 656
838 217 1055 253 ΑΒΠΕΝὩΔ
1079 219 1139 253 ΕΤ
1163 218 1463 253 coanENDA.

378 300 443 343 τῆς
465 295 573 343 αὐτῆς
593 299 674 331 Ven.
723 297 815 331 Idem
836 297 859 331 l.
874 297 908 332 6.
930 296 1042 343 τόλμῃ
1061 297 1200 334 καλλίω.
1226 316 1268 323 -
1316 297 1336 331 1.
1352 297 1384 332 8.
1410 296 1619 342 μακαρίστου
1635 296 1684 335 Π.
1704 297 1756 338 εἰς
1771 295 1831 334 τὸν
1845 296 1925 342 περ).

378 356 444 398 τῆς
461 351 682 395 ἀναστάσεως
700 356 782 388 Ven.
819 353 911 388 Idem
933 354 1033 399 paulo
1052 362 1131 399 poet
1154 354 1361 399 εἰρημένους,
1385 353 1558 398 mendose,
1581 360 1615 388 et
1635 353 1757 388 deinde
1777 353 1838 390 καὶ
1857 350 1924 390 αὖ·

379 410 441 450 τός
466 410 617 452 ἐτάξατο.
644 431 690 438 -
735 411 756 445 1.
777 412 828 445 15.
855 411 966 445 Verba
990 411 1050 446 καὶ
1069 410 1222 456 ποταπὴν
1252 423 1282 446 τ.
1307 423 1358 455 κρ.
1381 422 1418 455 φ.
1442 406 1480 446 οὔ
1499 422 1535 446 π.
1560 410 1809 456 cumgente,
1837 420 1923 456 qnae

379 468 508 513 recepit
531 469 696 509 Petaviue‚
716 480 823 514 neque
846 470 916 503 Bas.
941 469 1111 513 agnoscit,
1143 480 1253 514 neque
1279 470 1434 501 Venetus.
1462 487 1503 494 -
1549 468 1680 505 δοκῶσι
1701 469 1785 503 Ven.
1809 468 1924 502 Recte.

379 526 471 559 ldem
490 526 574 559 liber
597 526 698 570 paulo
725 533 802 571 post
827 525 1004 572 διελέγχει.
1025 543 1072 551 -
1117 526 1140 560 1.
1159 526 1210 560 17.
1243 522 1328 560 Ἐἀν
1349 523 1388 561 δὲ
1408 526 1546 560 πυνθαν.
1569 521 1682 562 αὗτὸν
1699 524 1787 566 τίνος
1805 526 1924 558 Venet-

380 582 471 616 idem
492 583 515 616 1.
533 583 582 617 18.
605 578 628 618 ἃ
648 583 704 618 νῦν
733 582 966 628 περικείμεθα.
990 602 1035 610 --
1084 584 1108 618 1.
1130 581 1180 617 19.
1216 583 1354 626 Repone
1381 582 1448 626 τῆς
1475 578 1595 622 οὐσίας
1621 593 1685 628 pm
1704 582 1774 619 τόν
1795 579 1924 624 οὐσίας,

378 674 469 720 quod
490 686 612 719 operae
634 681 823 719 peccarunt.
851 694 890 700 —
911 717 914 721 .
938 673 962 707 1.
975 671 1029 713 24.
1065 650 1309 718 immutarat
1337 673 1422 706 ven.
1468 673 1562 707 Idem
1584 673 1608 709 1.
1621 673 1677 708 25.
1692 662 1926 719 ’ἄπεκριθῆναι

379 732 538 778 (sortasse
558 728 835 778 α’πεκκριθῆναι).
859 751 903 758 -
950 731 972 765 1.
986 731 1017 766 7.
1041 731 1083 764 ab
1105 730 1175 763 ins..
1192 730 1241 776 τῷ
1263 728 1319 765 ἐπὶ
1339 741 1369 764 τ.
1392 727 1447 775 '¹31¹-
1474 725 1589 766 α’ναστ.
1613 731 1726 775 σῶμα.
1770 725 1923 775 'Empti-

379 801 485 834 σαμεν
514 790 598 823 Ven.
626 809 665 815 -
713 789 735 823 1.
753 790 786 823 3.
811 789 854 823 ab
876 789 936 822 inf.
975 788 1123 833 γίγνεται
1156 787 1243 832 μέρη
1267 788 1351 820 ven.
1400 787 1491 821 Idem
1514 787 1537 822 1.
1557 787 1616 822 ult.
1639 783 1925 834 ἀντιμεταβᾶλλε-

377 858 433 882 ται
456 846 525 882 καὶ.

467 904 574 950 Ρας.
595 903 699 940 248.
743 902 766 936 1.
791 906 820 938 1.
855 902 1026 947 γινομένου
1052 903 1136 935 Ven.
1186 901 1275 935 Idem
1298 901 1320 935 1.
1338 903 1370 935 2.
1396 901 1551 946 γίνεσθαι
1569 901 1687 947 μέρος,
1722 908 1759 936 et
1779 901 1801 936 1.
1818 901 1852 937 3.
1876 901 1926 942 είς

378 958 481 1006 βυθὸν
504 957 601 1005 τῖμᾶς
625 959 790 1004 φλυαρίας
820 956 956 1004 ἀλόγου.
983 979 1020 985 -
1070 959 1092 992 l.
1112 958 1144 993 4.
1179 956 1288 994 πάντα
1311 955 1395 994 εἶναι
1416 957 1541 994 δυνατὰ
1562 959 1646 993 ven.
1674 977 1716 984 —
1761 958 1831 995 1.8.
1856 958 1925 993 ne-

378 1029 467 1064 pone
491 1015 524 1052 έν
549 1016 646 1062 μέσῳ
669 1017 728 1052 τοῦ
749 1017 876 1053 πεδίου.
926 1016 1108 1050 Articulum
1135 1027 1200 1050 om.
1232 1015 1331 1049 etiam
1364 1015 1416 1048 ed.
1447 1016 1558 1049 Petav.
1589 1014 1707 1050 Colon.
1736 1035 1775 1042 -
1821 1015 1925 1059 Panlo

378 1081 456 1120 post
479 1071 606 1110 ὀστέων
629 1069 846 1118 ἀνθρωπίνων
877 1075 957 1106 Ven.
1006 1071 1300 1108 11ιίι1.κυκλω3εν
1325 1072 1497 1106 13³³.oe
1521 1071 1660 1106 Lobeck
1681 1073 1725 1107 nd
1747 1073 1869 1119 Plu-yn.
1891 1071 1926 1107 9.

378 1150 421 1157 -
446 1131 536 1165 1.10.
575 1127 663 1166 αυτοὶ
691 1128 777 1175 ξηροὶ
811 1128 944 1176 σφόδρα
974 1129 1033 1166 καὶ
1057 1131 1140 1164 Ven.
1189 1129 1322 1164 ldeml.
1345 1130 1391 1164 11.
1425 1127 1469 1165 τά
1501 1125 1588 1166 ὀστᾶ
1619 1130 1740 1167 ταῦτα.
1770 1130 1854 1164 Van.
1879 1149 1924 1155 —

378 1187 472 1222 1.13.
498 1187 554 1223 κα1
581 1187 669 1231 ἐρεῖς
700 1186 784 1231 πρὸς
815 1184 902 1223 αυτά
924 1189 1006 1220 vm
1054 1182 1448 1229 1ἀοιιι1.14.’,Δδωναῒ
1482 1187 1557 1220 etl.
1579 1188 1630 1222 15.
1664 1185 1724 1223 καὶ
1745 1172 1850 1228 Boion)
1871 1182 1925 1232 ἐφ’

377 1241 479 1289 υμᾶς.
507 1264 547 1270 -
594 1244 798 1289 1.18.είμι,
833 1251 910 1278 ante
931 1257 1064 1289 κυριος,
1098 1256 1163 1278 οιιι.
1185 1246 1270 1278 Ven.
1292 1263 1338 1270 —
1382 1243 1473 1278 1..22
1508 1242 1721 1289 Ζωσποιήσει
1750 1241 1795 1280 τὰ
1817 1241 1925 1288 θνητὰ

378 1299 473 1347 υμῶν
496 1301 641 1346 σώματα
662 1299 720 1337 διὰ
739 1301 798 1336 τοῦ
824 1300 1026 1342 ἐνοικοῦντος
1049 1298 1152 1338 αυτοῦ
1182 1298 1370 1346 πνεύματος
1393 1299 1426 1336 ἐν
1449 1298 1528 1346 υμῖν
1553 1301 1637 1335 Ven.
1661 1320 1707 1329 —-
1751 1300 1775 1336 1.
1787 1298 1842 1336 24.
1865 1311 1925 1347 φι-

378 1358 514 1403 λαληῦῆ
536 1360 607 1392 Bas.
634 1378 676 1384 —
723 1358 744 1392 1.
764 1360 819 1392 25:
842 1370 900 1402 τε,
926 1366 1005 1404 post
1031 1359 1166 1399 σῶσαι,
1191 1370 1256 1392 οιιι.
1279 1359 1361 1391 ven.
1409 1357 1502 1391 Idem
1523 1358 1546 1392 1.
1560 1357 1616 1392 26.
1639 1355 1858 1403 φυλάξασθαι
1874 1355 1923 1402 μὴ

378 1414 546 1460 ἐμπεσεῖν.
573 1435 610 1442 -
664 1415 684 1448 1.
702 1415 733 1450 7.
755 1415 797 1448 ab
818 1416 880 1448 inf.
916 1412 1187 1460 ἀπεκκρινούσης
1213 1417 1298 1448 Ven.
1323 1434 1368 1441 -
1422 1414 1444 1447 1.
1461 1415 1493 1448 4.
1515 1414 1558 1449 ab
1583 1414 1644 1449 inf.
1680 1412 1734 1451 διὸ
1765 1411 1815 1455 ὥς
1841 1411 1926 1456 πρὸς

377 1473 461 1506 Ven.
485 1492 529 1498 —
575 1473 597 1507 l.
618 1472 746 1517 penu1t.
781 1472 890 1508 καίτοι
910 1484 950 1517 γε
968 1474 1026 1508 τοῦ
1046 1472 1145 1508 οἱονεὶ
1165 1469 1306 1509 Παύλου
1326 1473 1408 1505 Ven.
1437 1491 1478 1498 —
1526 1471 1549 1505 l.
1567 1471 1623 1506 ult.
1658 1465 1722 1518 ἧς,
1756 1478 1836 1518 poet
1857 1468 1926 1518 μό-

376 1541 452 1570 νου,
478 1542 542 1563 οιιι.
568 1531 671 1570 Ven.,
693 1529 752 1575 qui
775 1529 886 1574 pergit
908 1527 934 1574 ἦ
958 1526 1058 1566 οὐσία
1081 1528 1220 1574 ὑστερεῖ
1237 1525 1317 1564 καθ’
1341 1525 1448 1573 ἡμᾶς.
1667 1562 1674 1571 ,

467 1586 575 1634 Peg.
592 1588 695 1623 250.
741 1587 762 1619 l.
781 1588 810 1621 1.
847 1585 917 1632 ἔχει
937 1583 987 1631 μή
1007 1598 1087 1622 ποτε
1108 1584 1148 1623 δὲ
1167 1581 1230 1622 κᾶν
1252 1586 1378 1630 ῥευστῆ
1401 1578 1445 1630 ἦν
1470 1585 1552 1630 (sic)
1576 1586 1661 1620 Ven.
1709 1587 1804 1621 idem
1823 1585 1924 1631 paulo

376 1649 455 1688 post
473 1643 532 1678 τοῦ
554 1643 856 1690 χαρακτηρίζοντος
872 1642 910 1679 τὸ
935 1643 1038 1687 σῶμα
1057 1639 1177 1678 ταῦτον
1197 1641 1282 1679 εἶναι
1301 1640 1350 1682 οἷς
1370 1642 1430 1678 καὶ
1450 1638 1555 1682 αὐτὸς
1576 1639 1702 1683 τύπους
1719 1642 1828 1687 μένειν
1845 1640 1926 1682 τούς

377 1697 503 1740 αὐτοὺς
523 1699 602 1740 τοὺς
633 1698 696 1744 τήν
725 1699 897 1744 ποιότητα.
922 1719 968 1726 -
1013 1700 1035 1734 l.
1051 1701 1081 1733 5.
1117 1699 1288 1744 ἰδιώματα
1309 1698 1438 1745 φάσκοι
1465 1698 1525 1734 καὶ
1545 1697 1601 1735 ἐπὶ
1620 1697 1751 1740 τούτοις
1773 1698 1862 1736 ἔστιν
1883 1694 1925 1735 δ’-

378 1769 468 1801 μοιον
501 1757 588 1801 (sine
618 1757 720 1802 εἴτι.)
752 1759 834 1790 Ven.
882 1757 972 1791 Idem
993 1757 1014 1790 1.
1035 1755 1068 1791 6.
1091 1753 1110 1792 ὁ
1134 1756 1275 1797 Παῦλος
1295 1755 1355 1792 καὶ
1375 1753 1394 1790 ὅ
1416 1755 1558 1801 Πέτρος.
1582 1775 1626 1782 -
1673 1756 1741 1793 1.8.
1773 1754 1814 1792 τὸ
1834 1753 1874 1792 δὲ
1890 1755 1924 1791 τί

378 1812 618 1858 ἐκτεταγμένον
638 1815 724 1848 Ven.
762 1816 799 1847 ln
816 1816 888 1847 Bas.
913 1821 967 1847 est
988 1812 1027 1849 τὸ
1050 1812 1090 1850 δὲ
1112 1812 1161 1849 ἔτι
1182 1812 1297 1853 ἐντετ.,
1321 1812 1355 1846 ἱιι
1376 1812 1429 1846 ed.
1452 1814 1562 1846 Petav.
1584 1810 1663 1850 τότε
1684 1811 1734 1849 ἔτι
1751 1811 1852 1852 (wer.
1877 1832 1922 1839 —

377 1870 449 1904 1.9.
475 1868 568 1910 εἶδός
590 1870 679 1906 ἐστιν
699 1870 741 1906 ἐκ
761 1870 906 1916 βρέφους
924 1870 1024 1917 μέχρι
1041 1870 1100 1906 τοῦ
1121 1870 1368 1916 πρεσβυτέρου,
1401 1863 1464 1905 κᾶν
1486 1871 1567 1904 ven.
1595 1889 1636 1896 —
1682 1869 1706 1904 1.
1725 1869 1774 1905 12.
1809 1867 1866 1907 ἐπὶ
1881 1867 1921 1906 τὸ

377 1925 509 1962 κάλλιον
535 1929 620 1961 Ven.
645 1948 682 1953 —
733 1928 755 1960 1.
778 1925 827 1962 14.
851 1925 1073 1971 καταλλήλοις
1101 1930 1172 1967 τοῖς
1201 1926 1335 1971 τρόποις
1366 1928 1450 1961 ven.
1499 1927 1590 1960 Idem
1607 1927 1630 1960 1.
1655 1928 1706 1962 15.
1729 1925 1864 1967 πάντως
1882 1920 1922 1963 ἂν

376 1980 472 2028 ἡμᾶς
491 1986 549 2020 δεῖ
562 1982 692 2030 βράχεα
712 1982 799 2030 ἔχειν
815 1982 874 2020 καὶ
894 1982 956 2028 τήν
974 1979 1088 2028 ἄλλην.
1110 2003 1155 2010 -
1200 1984 1222 2018 1.
1239 1984 1289 2019 17.
1320 1983 1354 2020 ἐν
1373 1982 1488 2025 τόποις
1507 1981 1684 2030 διαφόροις
1699 1985 1784 2018 Ven.
1830 1982 1923 2019 Idem

378 2039 400 2073 1.
422 2040 472 2074 19.
505 2033 549 2085 ἦν
571 2041 630 2076 τοῦ
652 2037 779 2085 Ἰησοῦ.
805 2060 850 2067 —-
895 2041 983 2075 1.21.
1019 2036 1058 2076 ἄν
1086 2052 1138 2080 τις
1161 2039 1252 2085 λέγει
1273 2043 1358 2077 Ven.
1406 2041 1499 2075 Idem
1521 2041 1543 2075 1.
1557 2041 1612 2075 22.
1647 2044 1718 2081 τοῖς
1750 2037 1925 2076 emmim

378 2099 499 2142 δυναμ.
525 2117 566 2123 -
614 2097 636 2130 1.
654 2098 710 2132 23.
746 2094 885 2142 ἡμερῶν
911 2093 1035 2133 ταῦτόν
1065 2094 1148 2132 εἶναι
1169 2095 1207 2134 τό
1230 2099 1360 2142 πρῶτον
1379 2099 1462 2132 Ven.
1487 2118 1528 2124 —
1575 2095 1668 2133 1.24.
1693 2097 1830 2143 oon-rige
1849 2095 1923 2132 ἐπι-

381 2153 517 2198 στῆσαι.
552 2154 728 2198 ἐπιστῆναι
745 2154 798 2187 ed.
820 2154 932 2187 Petnv.
954 2154 1070 2188 Colon.
1093 2154 1205 2188 habet.
1231 2174 1272 2180 —
1318 2155 1341 2188 l.
1356 2157 1387 2189 5.
1407 2155 1449 2189 ab
1469 2155 1531 2188 ius.
1560 2154 1697 2200 corrige
1720 2152 1923 2199 σωζομένου,

378 2222 441 2257 pro
474 2222 540 2256 quo
571 2210 731 2245 mendose
759 2218 935 2244 exararunt
965 2210 1166 2255 σωρομένσυ.
1191 2231 1237 2239 —
1281 2212 1302 2245 1.
1323 2212 1354 2247 3.
1377 2212 1420 2246 ab
1440 2211 1501 2246 inf.
1538 2208 1577 2247 οὗ
1609 2210 1748 2248 δύναται
1773 2212 1878 2250 ven.
1881 2229 1924 2237 -

378 2268 402 2302 l.
426 2268 552 2313 penult.
576 2267 653 2321 περὶ
675 2265 732 2303 τὸν
757 2268 840 2310 (ηοιι
866 2266 923 2312 τὸ)
948 2264 1042 2312 ἅγιον
1067 2269 1122 2302 alii
1147 2281 1187 2302 ex
1210 2270 1343 2303 Veneto
1366 2275 1579 2303 annotarunt.

468 2325 806 2373 Pag.252.1.1.
839 2324 1222 2371 χαρακτηριασδησεται
1251 2337 1379 2370 repone
1407 2338 1446 2359 ex
1476 2327 1560 2360 Ven.
1589 2332 1624 2359 et
1657 2326 1727 2359 aaa.
1753 2344 1796 2352 -
1850 2325 1873 2360 l.
1886 2324 1921 2361 3-

378 2377 495 2417 Καὶ“
473 2395 494 2417 α
515 2380 599 2426 πρὸς
621 2379 664 2417 τὰ
688 2379 827 2426 ῥηματα
845 2383 912 2417 τῶν
932 2382 1072 2427 γραφῶν
1095 2382 1333 2427 παρατίῇενται
1352 2384 1434 2416 Ven.
1460 2402 1503 2408 -
1548 2382 1571 2417 1.
1588 2379 1619 2417 4.
1642 2381 1715 2417 Καὶ
1730 2378 1863 2427 πρῶτόν
1883 2392 1924 2427 γε

378 2437 421 2474 τά
441 2438 474 2474 ἐν
494 2441 543 2484 τῷ
563 2435 642 2480 Ἰεζ
666 2437 722 2473 ἐπὶ
740 2436 778 2473 τὸ
802 2450 880 2474 οσον
903 2441 985 2472 V.en
1011 2458 1053 2464 —
1100 2439 1121 2473 1.
1141 2439 1173 2474 7.
1198 2437 1268 2484 μή,
1301 2446 1379 2473 ante
1401 2434 1618 2484 νενοηκότες,
1642 2450 1707 2473 οιιι.
1728 2439 1813 2477 Ven.
1858 2438 1923 2472 Pro

380 2494 630 2540 συναρπάζοντα
652 2495 780 2539 corrige
802 2495 1071 2540 σνναρπάζονται.
1097 2515 1140 2522 -
1185 2495 1206 2529 l.
1221 2495 1252 2531 8.
1286 2491 1339 2531 Ου
1357 2494 1421 2541 γὰρ
1442 2495 1492 2536 εἰς
1511 2494 1554 2532 τὰ
1576 2492 1713 2540 ὅνομαζ.
1734 2494 1816 2540 (eie)
1837 2495 1922 2530 Ven.

379 2553 472 2586 ldem
493 2552 515 2585 1.
532 2552 563 2587 9.
589 2552 639 2598 τῷ
652 2578 662 2593 ,
697 2547 934 2597 Ἐσκορπίσὲη
954 2550 998 2588 τὰ
1019 2549 1106 2589 ὄστά
1129 2553 1210 2598 (sic)
1232 2550 1333 2598 ἡμῶν
1353 2550 1445 2596 παρὰ
1465 2550 1523 2588 τὸν
1542 2547 1653 2599 ᾅδην,
1686 2549 1753 2589 καὶ.
1762 2549 1924 2596 ἐσκορπί-

381 2611 448 2654 σὲιη
469 2607 579 2644 πάντα
610 2606 654 2644 τὰ
682 2605 767 2644 ὄστά
801 2621 864 2653 μου
893 2610 978 2642 Ven.
1003 2629 1044 2635 -—
1091 2610 1113 2643 l.
1133 2610 1184 2644 12.
1207 2605 1279 2652 ὅτι,
1313 2615 1392 2654 post
1422 2609 1576 2654 λέγουσι,
1611 2619 1677 2644 οιιι.
1700 2608 1784 2642 veu.
1831 2607 1923 2641 Idem

378 2665 500 2700 deinde
523 2662 616 2710 Ἀρα
646 2664 710 2711 γὰρ
739 2666 884 2711 λέγουσι.
907 2685 952 2692 -
997 2666 1089 2702 1.13.
1123 2664 1166 2703 τὰ
1198 2662 1286 2703 ὅστά
1312 2663 1413 2710 ἡμῶν
1443 2667 1528 2700 Ven.
1573 2665 1666 2700 Idem
1685 2665 1806 2698 iterum
1828 2663 1922 2699 l.15.

378 2721 420 2758 τὰ
441 2719 526 2759 σ’στὰ
547 2720 646 2767 ἡμῶν
668 2722 702 2758 ἐν
722 2722 816 2768 αἰχμ.
838 2722 1013 2767 γινόμενοι.
1039 2743 1081 2748 -
1128 2723 1150 2757 1.
1167 2724 1222 2758 20.
1258 2722 1418 2767 γέμοντες
1439 2718 1568 2758 ὀστέων
1587 2721 1712 2766 νεκρῶν
1731 2719 1791 2756 καὶ
1808 2717 1924 2766 πάσης

379 2781 462 2812 ven.
487 2799 530 2806 —
576 2780 597 2813 1.
612 2779 667 2815 27.
694 2780 831 2824 Corrige
851 2779 958 2826 χρεία.
983 2799 1019 2805 -
1073 2778 1144 2814 1.4.
1165 2780 1208 2813 ab
1229 2779 1291 2813 inf.
1322 2775 1487 2819 Ὀδόντας
1506 2776 1570 2823 γὰρ
1589 2775 1817 2827 ἁμαρτωλῶν,
1849 2789 1923 2823 φη·-
1988 2772 2020 2807 ,·²

381 2835 432 2870 σὶν
451 2838 537 2870 Ven.
565 2856 604 2862 —
651 2836 674 2870 1.
689 2836 720 2871 3.
741 2837 783 2870 ab
802 2836 864 2869 inf.
901 2836 1085 2872 συνέῦλασε
1115 2835 1229 2880 κύριος
1257 2835 1344 2880 (sine
1373 2835 1531 2880 articulo)
1554 2835 1638 2869 Ven.
1663 2853 1706 2860 —
1750 2834 1772 2867 1.
1795 2834 1921 2880 penult.

381 2891 479 2935 μόνον
505 2892 671 2939 συντρίβει
696 2894 780 2930 Ven.
830 2892 923 2926 Idem
947 2893 967 2926 1.
988 2893 1047 2927 ult.
1068 2889 1169 2928 ταῦθ’
1194 2888 1313 2933 οὕτως.

469 2949 695 2996 vagam.
749 2947 823 2983 1.4.
859 2943 906 2985 ὦν
938 2947 1108 2995 ἐφρόνησε
1138 2952 1222 2985 Ven.
1244 2970 1291 2977 —
1335 2950 1358 2984 1.
1374 2951 1404 2984 5.
1436 2947 1498 2984 καὶ
1524 2945 1587 2991 τήν
1618 2945 1734 2993 ψυχήν
1767 2949 1858 2983 Ὺοιι.
1876 2966 1923 2995 ··.··
1988 2973 1991 2979 .

380 3002 405 3035 l.
418 3002 451 3037 6.
485 3004 621 3049 Corrige
652 3007 753 3050 δηλοῖ
777 3018 819 3040 ex
849 3008 943 3048 Bas„
979 3013 1014 3040 et
1037 3008 1141 3047 Ven.,
1177 3007 1233 3052 qui
1252 3007 1357 3040 habet
1386 3003 1492 3049 δηλοὶ.
1539 3002 1627 3037 Edit.
1660 3005 1771 3038 Petav.
1805 3004 1922 3040 eodem

382 3071 447 3108 quo
481 3067 594 3094 nostra
628 3061 759 3096 laborat
781 3062 875 3097 vitio.
899 3082 942 3089 --
996 3063 1020 3095 1.
1043 3064 1092 3097 10.
1126 3074 1278 3107 παριστ.,
1313 3058 1367 3098 ὅτι
1384 3059 1424 3111 τό
1449 3071 1536 3104 σωμ.
1563 3061 1646 3095 Ven.
1668 3061 1782 3096 Recte.
1829 3060 1922 3096 Idem
