2020 3276
654 242 1084 278 ANACBPHALAEOStS.
1558 235 1641 276 549
1660 291 1664 297 Ι

95 326 203 365 net.
260 318 464 365 Summum
487 322 629 366 bonnm
655 323 696 365 in
720 323 920 380 voluptate
943 330 1182 379 posuerunt,
1223 323 1336 365 deum
1363 336 1410 365 ac
1433 322 1642 379 providen-

95 387 190 433 tiam
216 389 428 434 abrorum
459 391 796 434 administratione
827 393 1083 434 sustulerunt.

167 451 172 454 ’
207 455 504 503 Samaritismus
533 467 573 502 et
592 458 829 503 Samaritae.
892 459 1020 502 Huius
1053 460 1100 501 ab
1125 460 1318 502 ludaismo
1347 459 1459 515 origo
1483 459 1640 501 deduci-

93 532 181 579 tur,
225 540 325 584 qnae
357 535 554 571 sectarum
590 529 690 586 apud
733 527 911 571 Graecos
945 529 1123 570 divortiis
1156 536 1195 569 et
1226 542 1358 570 earum
1394 527 1563 569 decretis
1593 541 1640 570 ac

91 594 336 651 dogmatibus
367 596 567 653 antiquior
594 606 670 639 est.
732 595 834 639 Nam
869 611 891 638 e
918 597 1007 638 sinu
1037 597 1121 653 ipse
1152 596 1334 638 Iudaismi
1360 596 1504 653 prodiit
1533 596 1639 638 circa

89 660 480 708 Nabuchodonozori
517 673 557 708 et
588 665 764 708 ludaicae
806 665 1044 722 captivitatis
1082 672 1271 720 tempora.
1345 663 1468 706 Primi
1504 671 1637 707 sectae

90 731 315 775 conditores
347 747 401 775 ex
438 733 616 791 Assyriis
653 733 693 776 in
731 734 911 778 ludaeam
948 734 1200 790 transportati
1238 734 1406 789 quinque
1445 734 1639 775 duntaxat

88 796 246 858 floyeis
272 801 395 846 libros
430 810 685 859 acceperunt,
727 817 826 859 quos
850 815 921 858 per
940 800 1108 844 Esdram
1143 803 1390 844 sacerdotem
1425 815 1500 843 rex
1524 802 1571 843 ad
1594 802 1638 843 il-

87 867 148 910 loa
170 866 372 927 Babylone
397 870 647 913 submiserat.
710 872 843 924 ltaque
863 877 994 912 cetera
1015 870 1160 913 habent
1180 885 1267 912 cum
1290 870 1441 912 ludaeis
1463 884 1637 912 commu-

87 936 176 990 nia,
217 937 252 980 ei
283 937 357 980 boc
389 953 508 981 unum
542 938 741 995 excipias,
784 940 886 995 quod
924 947 963 981 et
993 947 1132 996 gentes
1162 939 1460 991 abominentur,
1507 952 1635 993 neque

85 1018 316 1062 quemqnam
355 1008 586 1063 contingere
622 1008 765 1060 velint,
811 1009 991 1064 qnodque
1028 1015 1269 1050 mortuorum
1302 1007 1634 1050 resurrectionem

85 1086 133 1115 ae
164 1081 318 1117 ceteras
353 1084 441 1133 post
473 1074 645 1133 Moysen
683 1076 906 1132 prophetias
938 1076 1136 1119 reiiciunt.
1199 1074 1536 1119 Samaritanorum
1573 1083 1635 1118 est

86 1141 206 1185 l'aetio
233 1142 360 1186 divisa
392 1145 431 1186 in
463 1152 594 1201 partes
629 1151 810 1201 quatuor.
870 1143 994 1187 Primi
1029 1153 1122 1188 sunt
1153 1143 1371 1196 Gortlieni,
1416 1144 1480 1200 qui
1510 1145 1632 1186 festos

83 1208 168 1254 die·
187 1210 276 1255 aliis
301 1226 415 1268 quam
439 1211 613 1256 Sebuaei
636 1213 878 1270 temporibus
898 1214 1089 1256 indicunt.
1150 1214 1231 1256 Alii
1256 1212 1453 1265 Sebuaei,
1496 1213 1559 1269 qui
1582 1212 1633 1254 ob

84 1279 250 1322 eandem
271 1280 460 1324 festorum
483 1282 633 1323 dierum
658 1282 908 1324 occasionem
928 1297 951 1324 a
974 1281 1191 1325 Gorthenis
1218 1282 1469 1325 dissentiunt.
1529 1280 1631 1323 Ter-

83 1346 128 1390 tii
146 1355 241 1391 aunt
263 1346 432 1401 Esseni,
465 1351 529 1406 qui
553 1350 681 1392 neutri
702 1350 803 1407 parti
825 1359 1068 1408 repugnant,
1113 1352 1182 1393 sed
1207 1366 1294 1393 cum
1318 1351 1367 1393 iis
1388 1350 1428 1392 iu
1454 1364 1551 1406 quos
1572 1350 1632 1391 in-

82 1415 251 1460 ciderint
278 1417 365 1460 sine
398 1419 477 1461 ullo
516 1418 742 1462 discrimine
779 1420 880 1462 festa
911 1427 1117 1476 peragunt.
1178 1418 1376 1462 Postremi
1401 1426 1493 1462 sunt
1513 1417 1632 1460 Dosi-

79 1484 183 1538 thei,
224 1485 290 1542 qui
325 1486 463 1529 iisdem
495 1487 635 1544 quibus
661 1486 899 1531 Samaritani
921 1489 1110 1531 institutis
1132 1495 1317 1539 utuntur,
1363 1486 1630 1530 circumcisio-

80 1566 196 1607 nem,
243 1554 474 1608 sabbatum,
520 1570 566 1598 ac
608 1557 777 1609 ceteris,
831 1557 1042 1613 itidemque
1080 1555 1390 1599 pentateuchum
1426 1556 1626 1598 adhibent.

79 1619 300 1680 Praecipue
325 1637 443 1677 vero,
485 1638 531 1666 ac
556 1639 649 1681 prae
676 1625 838 1681 reliquis
867 1626 1047 1667 omnibus
1077 1626 1152 1668 sibi
1185 1625 1234 1667 ab
1266 1624 1447 1666 animatis
1481 1632 1629 1680 tempe-

79 1697 193 1744 rant,
235 1705 283 1734 ae
313 1700 500 1750 perpetuo
526 1694 609 1736 fere
644 1694 835 1736 ieiunant.
897 1692 1001 1737 Sunt
1037 1694 1142 1736 inter
1163 1694 1250 1736 illos
1273 1694 1337 1749 qni
1363 1693 1627 1749 virginitatem

81 1759 238 1812 eebant,
287 1759 352 1803 alii
388 1762 683 1804 continentiam.
758 1761 1075 1805 Resurrecturos
1108 1777 1198 1805 esse
1232 1769 1408 1804 mortuos
1444 1762 1625 1815 credunt,

80 1828 182 1884 quod
211 1841 236 1870 a
264 1825 603 1872 Samaritanorum
635 1831 815 1887 dogmate
846 1831 1047 1873 abhorret.

163 1889 174 1895 ⁹
192 1896 424 1940 ludaeorum
445 1906 578 1940 sectae
605 1913 770 1941 numero
802 1897 897 1942 Vll.
959 1900 1021 1942 Ac
1044 1900 1168 1956 primo
1196 1897 1385 1950 Scribae‚
1430 1898 1529 1954 legis
1559 1911 1626 1954 pe-

79 1963 146 2006 riti
169 1970 212 2008 et
231 1963 482 2008 traditionum
516 1981 612 2023 quas
637 1981 660 2010 a
686 1968 900 2011 maioribus
936 1975 1172 2025 acceperant
1203 1964 1469 2021 (δευτερῶσεις
1505 1981 1624 2009 voca-

77 2032 192 2087 bant)
217 2032 495 2076 observatores
519 2036 651 2088 t'uere,
685 2051 731 2078 ac
754 2037 852 2080 ritus
875 2051 1012 2079 omnes
1037 2037 1350 2094 superstitiosius
1372 2035 1516 2078 ceteris
1540 2035 1625 2077 dili-

76 2101 311 2158 gentiusque
334 2109 568 2157 tenuerunt3
610 2118 707 2160 quos
739 2119 819 2147 non
840 2120 862 2148 e
884 2106 970 2162 lege
995 2106 1237 2158 didicerant,
1279 2105 1348 2147 sed
1371 2104 1624 2160 sibimetipsis

78 2175 261 2227 tanquam
293 2171 464 2213 iustitiae
496 2171 596 2227 legis
627 2173 847 2228 singulares
877 2175 1005 2217 cultus
1039 2189 1085 2217 ac
1114 2174 1348 2216 cerimonias
1378 2173 1620 2215 indixerant.

189 2235 418 2294 Pharisaei,
463 2254 561 2295 quos
594 2247 824 2297 segregatos
855 2243 1103 2299 interpretari
1138 2243 1291 2299 possis,
1334 2241 1397 2297 qui
1421 2240 1623 2283 sanctissi-

76 2320 177 2350 mam
200 2307 305 2349 vitae
327 2309 517 2350 rationem
538 2309 705 2364 professi
731 2310 923 2366 probitate
947 2311 1090 2353 ceteris
1112 2311 1349 2353 antecellere
1370 2309 1619 2351 videbantur.

75 2372 324 2418 Mortuerum
348 2376 448 2432 apud
483 2376 571 2418 illos
599 2377 862 2430 resurrectio,
906 2386 949 2421 nt
970 2387 1009 2421 et
1029 2380 1128 2436 apud
1153 2377 1339 2431 Scribas,
1381 2376 1618 2420 defenditur.

77 2440 199 2486 lidem
232 2445 394 2500 angelos
428 2458 473 2486 ac
503 2444 680 2501 spiritum
715 2454 891 2488 sanctum
924 2461 1013 2489 esse
1045 2462 1123 2489 non
1156 2454 1316 2503 negant.
1379 2445 1498 2488 Vitae
1535 2445 1621 2486 exi·

76 2510 192 2554 mium
227 2511 444 2554 institutum
478 2527 569 2569 prae
603 2527 647 2555 se
679 2514 824 2562 l'erunt.
885 2511 1177 2557 Continentiam
1203 2523 1352 2557 certum
1376 2515 1423 2556 ad
1450 2521 1619 2569 tempus,

78 2592 129 2622 ae
161 2579 428 2637 virginitatem
465 2595 618 2637 quoque
655 2582 887 2639 suscipiunt.
958 2581 1027 2625 Bis
1063 2583 1302 2626 hebdomada
1338 2595 1490 2639 quaque
1523 2582 1621 2623 ieiu-

75 2660 196 2702 nare,
226 2662 369 2692 urceos
393 2664 439 2692 ac
461 2650 592 2692 discos
616 2657 654 2691 ct
678 2650 815 2707 pocula
838 2650 995 2707 saepius
1017 2651 1149 2694 eluere
1164 2683 1175 2704 ‚
1210 2659 1251 2693 ut
1277 2659 1317 2693 et
1340 2649 1522 2702 Scribae,
1554 2663 1620 2691 so-

74 2714 148 2758 liti.
208 2716 272 2760 Ad
297 2717 393 2760 baec
415 2718 586 2760 decimas
612 2726 650 2760 et
676 2717 866 2775 primitias
892 2719 1061 2771 offerre,
1094 2720 1250 2761 assidue
1280 2719 1457 2774 precari,
1487 2725 1619 2760 certos

74 2783 200 2828 cultus
238 2800 284 2828 ac
316 2787 588 2843 superstitiosa
630 2787 952 2829 vestimentorum
994 2801 1142 2843 genera
1181 2788 1376 2829 curiosius
1410 2787 1615 2839 affectare,

117 2884 172 2922 60.
240 2885 327 2928 ὄνοις
349 2890 418 2924 eod.
440 2891 570 2932 Medio.
912 2888 966 2924 63.
990 2900 1028 2924 τι
1047 2892 1237 2931 particulam
1250 2915 1260 2931 ,
1281 2899 1361 2932 quae
1381 2891 1465 2922 obest
1488 2891 1528 2922 nb
1548 2891 1614 2923 edi·

117 2930 171 2966 61.
259 2932 484 2980 amelio-rata
503 2937 571 2969 cod.
598 2936 726 2976 media.
775 2937 822 2977 CI.
868 2937 926 2974 tis,
949 2938 1072 2977 reposui
1096 2946 1135 2968 ea:
1157 2939 1284 2977 utroque
1306 2936 1397 2969 coda.
1419 2945 1492 2970 msa.

72 2977 171 3028 Epist.
194 2979 239 3011 od
262 2981 354 3014 Aeac.
913 2979 966 3014 64.
1006 2979 1131 3021 ξέστων
1163 2982 1231 3014 cod.
1262 2982 1323 3015 len.
1356 2985 1386 3015 et
1412 2982 1482 3015 edit.
1514 2983 1616 3023 princ.

115 3023 172 3056 δἰ.
213 3021 273 3058 καὶ
308 3026 428 3058 volebat
464 3027 623 3059 Petovius.
683 3028 746 3060 Sed
784 3036 823 3059 ea:
869 3025 970 3066 ξέτων
994 3028 1060 3059 cod.
1087 3027 1213 3067 Rhodia.

74 3067 168 3107 Epist.
203 3070 245 3100 nd
271 3074 362 3103 Acoe.
385 3073 607 3104 restituendum
631 3074 735 3115 pocius
764 3068 823 3115 ἀγ·
913 3071 967 3104 65.
1008 3070 1313 3116 ineman-qamvis&
1351 3073 1440 3106 codd.
1477 3082 1549 3105 mss.
1588 3077 1616 3106 et

73 3110 178 3157 γέλων
203 3114 261 3149 καὶ
283 3115 340 3150 τοῦ
365 3126 415 3150 iw-
440 3113 548 3161 οἱγίου.
868 3117 941 3151 edit.
957 3119 1058 3160 princ.
1083 3115 1396 3164 (belonpnoxnwtei
1413 3119 1486 3152 edit.
1507 3120 1616 3154 Petov.
