2020 3276
358 195 441 238 648
821 202 1036 237 mmmm
1063 204 1122 239 m·
1147 202 1448 238 conmanunt.

357 282 444 327 μετὰ
473 280 536 326 τήν
560 283 644 316 Ven.
696 280 790 316 Idem
821 280 915 317 1.14.
948 280 1110 328 θάνατον,
1143 279 1198 319 ὅτι
1227 279 1350 319 οὐκέτι.
1384 283 1498 317 Recte.
1521 301 1566 309 —
1620 282 1716 318 1.15.
1748 283 1808 320 καὶ
1841 281 1905 320 οὔκ

358 339 445 375 ἔστιν
480 339 585 382 διορῦ.
619 340 702 374 Ven.
727 358 773 366 -
829 339 851 373 1.
881 340 931 375 16.
971 339 1059 386 μετὰ
1088 338 1151 386 τὴν
1185 340 1245 376 τοῦ
1278 337 1373 384 α’νΒρ.
1406 339 1560 375 ἐντεῦθεν
1590 336 1788 387 ἀπαλλαγὴν
1818 341 1904 377 Ven.

353 397 445 431 Idem
464 396 553 430 1.17.
569 395 801 440 έλεημοσύνης
822 395 972 437 ἐπίδοσις
987 398 1124 431 ven.—
1149 397 1172 432 l.
1183 398 1238 432 22.
1260 396 1429 432 τουτέστιν
1449 395 1544 437 κίους
1558 396 1635 442 (nic)
1648 396 1709 434 ml
1721 395 1907 442 σκόληκας

357 454 450 485 ven.
469 471 509 478 -
555 452 577 487 l.
594 453 649 487 23.
677 453 813 498 Reponc
836 453 1006 499 εἰργμένον
1028 466 1069 488 ex
1089 455 1209 489 veneti
1235 454 1455 494 auctoritate,
1482 453 1538 499 qui
1560 453 1672 500 pergit
1691 453 1753 491 καὶ
1768 451 1906 499 ἀποδή-

356 521 422 553 κης
452 506 715 555 τίσφαλισμένης
734 510 893 550 πίστεως.
916 529 959 538 —-
1004 511 1025 544 1.
1046 511 1099 545 25.
1133 509 1183 551 ὥς
1214 510 1285 557 ἔχει
1313 507 1332 546 ὅ
1363 511 1455 550 θεῖος
1482 511 1567 545 Ven.
1590 526 1637 538 ‹—
1680 510 1703 546 1.
1723 513 1755 546 5.
1777 511 1820 546 ab
1840 511 1903 545 inf.

358 564 510 610 σκύλων,
534 572 568 599 et
587 566 665 600 dein
687 566 846 607 πλούσιος
865 565 1043 613 γενόμενος
1063 562 1111 604 οἷν
1133 567 1276 603 αἰτεῖται
1298 563 1462 612 λαμβάνει
1489 567 1554 601 alia
1582 578 1698 602 mm
1717 568 1800 602 mihi
1819 578 1906 603 eno-

355 624 441 658 tavit
464 635 505 656 ex
529 625 612 657 Veu.

445 681 553 728 1⁸⁸3.
567 682 670 718 19⁰.
714 681 736 714 l.
749 678 781 717 4.
807 680 856 717 ἔτι
874 680 977 722 έλπὶς.
1003 680 1053 717 ἔτι
1073 681 1149 724 θέα,
1175 681 1224 717 ἔτι
1243 679 1338 726 ὅμολ.
1362 682 1445 716 ven.
1484 681 1575 716 Idem
1594 681 1619 716 1.
1634 680 1669 718 6.
1691 681 1903 725 ἰξοκκίλασα.

355 739 392 771 In
417 739 490 771 Bas.
515 745 565 771 est
585 737 807 780 ἐξωκείλασα.
833 757 875 764 --
923 739 945 772 l.
965 739 998 774 7.
1022 738 1133 774 ἔοικαν
1155 737 1220 783 γὰρ
1243 739 1347 778 Vem,
1381 739 1436 783 qui
1457 738 1479 774 Ι.
1500 739 1534 774 8.
1558 738 1624 782 τὰς
1645 746 1726 773 nte
1745 737 1905 784 &edem-5,

355 806 424 828 non
451 795 614 839 agnoscit.
638 814 682 821 --
727 795 748 829 1.
771 795 805 829 9.
840 792 890 836 οἷς
910 794 988 836 ἔπος
1010 795 1134 839 εἰπεῖν,
1166 795 1360 839 γελοιωδῶς
1390 791 1474 839 ὅπερ
1503 793 1732 843 προβάλλομαι
1753 797 1838 830 Ven.
1862 814 1904 823 —

355 851 379 886 1.
405 852 452 886 11.
478 852 621 898 χρυσοῦν
655 853 738 886 Ven.
762 871 806 879 -—
852 853 875 886 1.
902 852 953 886 12.
991 853 1130 897 Repone
1163 852 1284 888 πέδιλα
1314 862 1376 897 pro
1398 850 1521 896 πόδια,
1559 864 1600 886 ex
1624 859 1748 887 auctor.
1775 852 1907 898 Veneti,

356 908 411 954 qui
433 909 535 942 habet
553 907 696 952 πέδηλα.
723 929 762 935 -
813 909 835 942 I.
854 909 904 943 14.
927 907 953 955 τί
974 910 1042 944 τῶν
1063 908 1125 952 τήν
1149 904 1282 953 ἄγνοιαν
1302 920 1396 944 κεκτ.
1419 920 1476 954 σφ.
1501 908 1561 945 καὶ
1581 905 1726 950 ἄτακτος
1747 907 1905 954 edelm-

355 977 412 1001 ται
435 963 593 1011 διαταγή.
618 967 703 999 Ven.
751 967 844 1000 Idem
864 967 885 1000 I.
909 967 958 1001 15.
986 966 1035 1006 εἰς
1057 962 1209 1010 ἅπαντα,
1243 973 1278 998 et
1298 966 1320 1000 I.
1341 965 1391 1000 16.
1419 966 1659 1011 στριφνότητος
1676 978 1752 1000 σιω
1775 967 1847 1001 Bu.
1866 985 1906 993 —

355 1023 379 1057 l.
404 1023 453 1058 17.
482 1023 554 1068 3εῷ
578 1025 756 1068 προςῆψαν
779 1025 864 1058 Veu.
894 1042 931 1050 -—
978 1023 999 1056 l.
1023 1023 1074 1057 18.
1109 1022 1181 1057 Καὶ
1211 1019 1293 1062 ὦςεὶ
1325 1018 1403 1068 ἥτις
1431 1019 1498 1059 α’πό
1531 1023 1666 1068 ἱματίου
1688 1022 1821 1070 χειρίδι
1844 1022 1908 1067 (ita

358 1081 478 1124 corrig.
502 1080 535 1112 in
559 1091 634 1113 mea
653 1081 734 1114 edit.
760 1092 823 1126 pro
852 1080 1017 1126 χειρίδια,
1054 1079 1146 1124 quod
1179 1079 1431 1124 typothetarum
1462 1079 1580 1113 vitium
1614 1080 1683 1126 est)
1714 1078 1908 1127 κατασχών,

356 1136 416 1172 καὶ
437 1136 503 1177 ἕως
523 1135 624 1181 μόνος
641 1137 717 1181 (εἰσ)
740 1139 823 1171 Ven.
848 1157 893 1164 —
938 1138 960 1170 1.
983 1137 1032 1171 19.
1058 1134 1186 1177 ἑαυτὸν,
1210 1135 1372 1180 προφέροι
1389 1135 1428 1173 δὲ
1447 1133 1528 1181 ὅφθ.
1549 1137 1634 1180 (nine
1651 1135 1734 1182 πρὸ)
1756 1138 1840 1172 Ven.
1863 1156 1906 1164 -—

355 1193 379 1227 1.
399 1193 454 1228 21.
477 1194 615 1238 Repone
639 1193 837 1238 ἐπιλησῧεὶς
865 1201 901 1227 ut
931 1201 982 1227 est
1015 1194 1115 1227 etiam
1147 1192 1182 1226 in
1211 1194 1297 1227 Ven.
1320 1212 1366 1219 —
1410 1194 1434 1226 1.
1456 1194 1510 1228 23.
1539 1190 1660 1238 ὁμοίας
1686 1191 1817 1240 ταύτῃ,
1849 1193 1910 1230 καὶ

357 1249 407 1286 ἔτι
425 1247 595 1296 ιῖπερβολῇ
634 1251 722 1295 (cod.
745 1249 929 1298 ὑπερβολὴ)
965 1251 1140 1291 καλλίονας
1171 1251 1221 1296 τῷ
1252 1249 1450 1295 φυλάττειν,
1483 1249 1717 1292 ἐπιθανατίους
1735 1249 1776 1288 δδ
1797 1250 1832 1286 έν
1856 1251 1907 1297 τῷ

357 1305 407 1352 μὴ
430 1305 682 1352 φυλάττεσθαι,
707 1306 770 1352 τὴν
795 1308 872 1353 μίαν
897 1310 980 1342 Ven.
1029 1310 1127 1341 Bene.
1153 1327 1196 1335 —
1242 1308 1266 1341 1.
1286 1306 1318 1343 4.
1344 1308 1386 1342 ab
1407 1307 1467 1341 inf.
1493 1306 1707 1352 ένταλμάτων
1731 1303 1908 1353 ἀλγήσαν-

356 1376 414 1404 τες
438 1366 521 1399 Ven.
567 1365 660 1398 Idem
682 1365 705 1398 1.
725 1365 851 1410 penult.
887 1363 1018 1412 ἑκάστῃ
1051 1365 1191 1410 αἱρέσει.
1219 1385 1263 1391 -—
1308 1365 1330 1398 I.
1349 1365 1408 1399 ult.
1441 1364 1491 1404 είς
1512 1362 1638 1409 πολλὴν
1661 1362 1768 1410 φορὰν
1789 1366 1907 1401 κακῶν

356 1423 441 1455 Ven.
467 1422 581 1455 Recte.

447 1479 555 1526 Peg.
577 1479 679 1516 192.
723 1479 744 1512 Ι.
768 1481 801 1514 5.
824 1479 1011 1524 ποιήσηται
1034 1481 1118 1514 Ven.
1165 1479 1258 1514 Idem
1281 1480 1304 1513 1.
1324 1478 1357 1515 6.
1383 1479 1492 1512 firmat
1514 1476 1734 1523 προκόπτων,
1769 1485 1806 1512 et
1826 1490 1908 1525 per-

357 1536 406 1581 git
428 1533 517 1571 κατὰ
539 1539 656 1581 χεῖρας
676 1535 710 1572 τὶ
731 1535 839 1572 πλέον.
867 1557 906 1562 -
954 1537 978 1570 1.
998 1537 1030 1573 7.
1054 1535 1192 1582 κάμνων
1215 1536 1350 1583 ἑαυτῷ,
1384 1535 1444 1572 καὶ
1466 1536 1551 1568 Ven.
1581 1554 1624 1561 -—
1670 1535 1694 1570 1.
1713 1535 1748 1570 8.
1771 1533 1908 1573 ὁδοιπο-

358 1592 430 1637 ρίαν
461 1591 578 1628 ὲαυτόν
600 1590 744 1637 ἀγάγοι,
779 1591 868 1640 τάχα
889 1592 929 1630 δὲ
950 1594 1012 1639 (sic
1033 1594 1184 1637 restitue)
1212 1591 1302 1638 μήτε
1323 1594 1406 1628 Ven.
1454 1588 1590 1626 Idem'l.
1605 1591 1639 1627 9.
1663 1590 1748 1637 μήτι
1765 1588 1806 1629 ἂν
1822 1589 1907 1630 α’να·

356 1647 491 1694 κάμψει
515 1669 556 1676 -
577 1669 620 1676 —
645 1646 735 1686 οὕτω
765 1650 824 1686 καὶ
858 1648 1000 1695 ἑκάστη.
1026 1671 1066 1677 -
1113 1651 1135 1685 1.
1162 1651 1212 1686 10.
1249 1649 1401 1695 έφευρεῖν
1425 1649 1662 1693 διανοηθεῖσα,
1698 1647 1910 1695 παρεξοίκιλε

356 1707 441 1741 ven.
488 1706 580 1740 Idem
602 1707 625 1740 1.
646 1708 696 1742 11.
720 1705 854 1752 ηὑρέθη
877 1706 917 1744 δὲ
945 1705 1036 1754 αὖτῇ
1068 1703 1174 1752 (αὕτη
1201 1708 1286 1750 Bas.)
1321 1719 1350 1742 τ.
1374 1703 1450 1751 άρρ.
1471 1703 1497 1750 ἢ
1526 1708 1592 1753 τῆς
1621 1703 1735 1748 α’νοίας
1754 1706 1815 1743 καὶ
1834 1703 1908 1753 α’γν.

355 1761 576 1808 παρεμπλοκῆ
601 1764 661 1809 (ita
679 1764 937 1806 restituendum)
959 1766 1042 1798 Ven.
1070 1784 1111 1791 -
1147 1764 1235 1799 1.13.
1259 1763 1289 1800 εἰ
1311 1762 1361 1809 μή
1378 1775 1412 1799 τι
1432 1758 1472 1799 ἂν
1494 1762 1624 1809 ἑκάστη
1642 1760 1840 1810 ἀνακάμψει
1861 1764 1911 1806 είς

355 1818 394 1856 τὸ
426 1817 503 1866 α’ρχ.
530 1832 561 1855 τ.
591 1818 695 1865 ὁδοῦ,
729 1834 760 1857 τ.
783 1819 845 1867 τήν
879 1819 1068 1867 βασιλικήν.
1093 1822 1175 1857 Veu.
1203 1840 1242 1848 —
1289 1821 1311 1854 Ι.
1337 1822 1386 1855 15.
1421 1819 1538 1865 αίδῶμ
1561 1821 1644 1856 Ven.
1690 1820 1784 1855 Idem
1813 1820 1908 1856 1.]6.

357 1876 406 1916 εἰς
433 1876 497 1920 τήν
519 1877 603 1922 γῆν,
636 1885 671 1911 et
692 1878 715 1912 1.
736 1878 787 1914 17.
810 1875 900 1923 γάλα
920 1877 980 1913 καὶ
999 1877 1098 1923 μέλι,
1123 1885 1158 1912 et
1179 1877 1278 1923 paulo
1298 1885 1377 1924 post
1396 1877 1592 1922 Φερεζαίων
1613 1877 1674 1914 καὶ
1691 1877 1909 1924 Γεργεσαίων

356 1933 416 1968 καὶ
446 1929 670 1979 Ἰσβουσαίων
696 1934 755 1970 καὶ
783 1931 933 1970 Εὐαίων.
960 1954 1001 1960 -
1049 1935 1071 1969 1.
1091 1935 1145 1970 20.
1169 1934 1320 1980 πιόμεῦα
1342 1955 1384 1960 -
1407 1932 1594 1980 φαγόμεθα
1613 1936 1699 1970 ven.
1719 1954 1766 1961 -
1810 1934 1833 1969 l.
1853 1933 1910 1970 22.

357 1990 416 2026 καὶ
446 1987 472 2035 ἦ
493 1987 666 2035 ὁδοιπορία
691 1993 773 2025 Ven.
821 1991 914 2024 Idcm
939 1990 960 2024 1.
977 1990 1034 2026 23.
1070 1992 1153 2025 ven.
1175 2003 1239 2025 om.
1272 1992 1372 2026 verba
1404 1990 1500 2034 δεξιαὶ
1519 1986 1547 2037 ἦ
1567 1990 1624 2028 ἐπὶ
1641 1990 1695 2028 τὰ.
1720 2012 1761 2018 -
1799 1991 1832 2026 ’1.
1853 1990 1909 2026 26.

354 2045 485 2091 πλάνης
503 2044 619 2083 ἄνοδία
641 2049 723 2081 Ven.
772 2049 848 2082 Hoc
866 2047 1107 2082 restituendum
1131 2055 1191 2082 est.
1215 2067 1261 2075 —-
1306 2048 1328 2082 1.
1341 2049 1396 2084 29.
1421 2053 1551 2094 φωναῖς
1578 2045 1817 2094 α’νελκυθῶμεν
1849 2047 1910 2084 καὶ

356 2104 477 2148 φωνῆς
496 2103 647 2148 ἑκάστης
667 2116 701 2140 π.
723 2103 806 2140 έπιτ.
827 2101 999 2150 οἷχὲὥμεν.
1036 2105 1108 2150 Σφ.
1128 2107 1211 2138 Ven.
1241 2107 1338 2139 Bene.
1363 2125 1404 2131 -
1440 2107 1462 2139 l.
1481 2106 1536 2140 31.
1560 2105 1620 2141 καὶ
1639 2102 1720 2142 οὐδὲ
1739 2101 1784 2142 τὰ
1805 2103 1910 2151 μικρὰ

355 2161 440 2195 Ven.
487 2161 579 2194 Idem
603 2161 625 2194 1.
647 2161 703 2196 33.
729 2158 809 2197 οὐδὲ
831 2157 930 2202 ὅλως.
957 2181 997 2187 -
1044 2162 1067 2196 l.
1082 2162 1116 2196 3.
1135 2162 1178 2196 ab
1199 2161 1259 2196 inf.
1293 2161 1337 2198 τά
1359 2159 1474 2208 ἀληθῆ
1497 2163 1581 2197 ven.
1627 2164 1664 2196 In
1686 2169 1800 2196 nostra
1826 2162 1908 2196 edit.

357 2217 476 2262 corrig.
505 2213 654 2263 τάληθῆ.
681 2238 718 2243 -
770 2218 790 2251 1.
817 2218 943 2263 penult.
978 2216 1117 2263 Ταύτην
1145 2218 1184 2255 δὲ
1214 2220 1486 2264 παραρρίψαντες
1520 2217 1571 2260 ὥς
1603 2220 1689 2253 Veu.
1734 2218 1827 2254 Idem
1848 2219 1908 2253 lin.

357 2274 416 2308 ult.
440 2274 669 2319 κεκτημένου,
705 2275 750 2321 τῇ
771 2273 810 2311 δὲ
841 2275 999 2322 συντυχίᾳ
1020 2274 1161 2312 θάνατον
1182 2276 1415 2321 ἐμποιοῦντος,
1448 2273 1554 2321 ’ἡμεῖς
1582 2275 1623 2313 δὲ
1645 2277 1712 2322 τῆς
1730 2277 1790 2312 τοῦ
1809 2273 1908 2318 ξύλον

355 2333 414 2367 τοῦ
441 2333 586 2375 σταυροῦ
610 2331 751 2377 δυνάμει
772 2333 896 2368 τοῦτον.

446 2389 554 2436 Pag.
579 2389 682 2426 104.
726 2388 747 2422 Ι.
768 2389 800 2423 2.
825 2390 904 2424 δεοῦ
937 2389 1151 2426 καθικετείαν
1182 2391 1267 2424 Ven.
1293 2411 1334 2418 -
1382 2391 1404 2424 1.
1422 2390 1444 2426 3
1465 2397 1499 2424 et
1517 2387 1549 2425 4.
1582 2389 1793 2432 καταξιῶσαι
1811 2382 1908 2434 τῗμάς

355 2443 398 2480 τοὶ
431 2442 550 2489 άληΰῆ
586 2446 669 2478 Ven.
718 2445 811 2479 Idem
836 2445 905 2479 1.4.
938 2447 1078 2489 ψευδῶς
1106 2459 1139 2482 τι
1166 2447 1236 2492 λέγ.
1262 2467 1301 2473 -
1356 2447 1381 2481 l.
1398 2449 1429 2482 5.
1463 2445 1590 2488 ὁποίοις
1621 2447 1657 2483 αἱ
1688 2445 1737 2492 μὴ
1769 2442 1906 2491 τάληὶῐῆ

355 2503 439 2535 Ven.
487 2502 580 2536 Idem
604 2502 625 2535 l.
645 2502 676 2537 6.
705 2497 787 2537 Ἔτι
813 2501 853 2538 δὲ
874 2502 933 2538 καὶ
959 2504 998 2538 οἱ.
1033 2523 1067 2529 -
1114 2504 1136 2538 1.
1160 2505 1210 2538 10.
1245 2503 1403 2549 Καθαροί
1435 2501 1635 2548 καλούμενοι
1667 2499 1771 2550 (οὕτω
1794 2502 1902 2547 deest)

355 2559 439 2591 ven.
488 2558 581 2592 Idem
605 2559 626 2592 1.
650 2560 700 2593 11.
723 2556 810 2594 α’λλοὶ
831 2556 919 2604 ὁμοῦ
952 2557 1058 2596 αὐτοῦ
1078 2565 1148 2601 τοῖς
1169 2562 1260 2601 κτλ.,
1299 2567 1333 2594 et
1354 2561 1377 2594 1.
1399 2560 1448 2596 13.
1472 2559 1644 2602 ἐξέπεσαν.
1690 2559 1799 2593 Verba
1818 2555 1905 2595 α’να-

354 2614 584 2660 τραπῆσονται
604 2614 643 2652 δὲ
663 2613 826 2657 ὦςαύτως
845 2629 880 2652 π.
899 2629 932 2652 π.
956 2611 1001 2662 τῖς
1028 2619 1147 2658 κακῶς
1165 2618 1338 2662 φρονοῦσιν
1368 2617 1486 2651 absunt
1507 2629 1526 2651 a
1549 2619 1691 2651 Veneto.
1714 2635 1758 2642 -
1805 2615 1830 2649 1.
1853 2613 1904 2650 19.

357 2671 389 2716 μ’
411 2668 437 2716 ἦ
457 2672 516 2707 καὶ
534 2670 562 2714 ξ
583 2674 668 2707 Ven.
695 2692 735 2699 —-
783 2674 804 2707 l.
826 2671 882 2708 24.
907 2673 966 2709 καὶ
987 2671 1012 2719 τί
1033 2670 1122 2718 αὐτῆ
1156 2674 1229 2719 (sic)
1252 2675 1351 2710 τοῦτο
1373 2676 1456 2708 Ven.
1484 2693 1524 2700 --
1572 2674 1595 2707 1.
1617 2673 1673 2708 25.
1696 2668 1759 2708 οὔκ
1781 2671 1850 2719 ἔχω
1870 2684 1904 2708 τι

356 2729 462 2773 λέγειν
483 2731 565 2762 V.en
596 2748 632 2755 —
681 2730 703 2763 1.
728 2727 760 2763 4.
786 2731 827 2764 ab
850 2731 912 2764 ins.
938 2731 1077 2776 Repone
1100 2743 1187 2764 nune
1208 2727 1386 2776 ’Δγγελινη
1413 2743 1454 2764 ex
1475 2730 1541 2765 fide
1563 2737 1598 2764 et
1614 2729 1812 2763 aucto‘ritate
1830 2728 1910 2763 Ve-'

356 2785 435 2819 neti.
480 2783 637 2830 Ἰνγιλίνη
664 2788 733 2820 Bas.
759 2807 804 2813 -
849 2788 871 2821 l.
893 2788 953 2822 ult.
975 2785 1116 2832 γενήσει
1139 2789 1223 2821 Ven-

444 2843 552 2889 1²³3.
578 2845 680 2881 196.
723 2844 744 2877 l.
771 2846 800 2878 1.
826 2844 920 2889 ῥίζας
940 2844 999 2880 καὶ
1026 2843 1089 2885 τὰς
1108 2843 1239 2890 τρόφας
1274 2845 1335 2890 (sic
1358 2843 1597 2878 restituendum
1621 2843 1712 2887 eet),
1735 2854 1760 2887 η
1783 2854 1817 2878 τι
1834 2843 1902 2878 τῶν

356 2897 390 2933 ἐν
412 2902 483 2937 τοῖς
509 2901 589 2931 Ven.
638 2901 728 2933 Idem
760 2901 810 2934 1.‘
805 2903 834 2935 2.
870 2901 1165 2947 ἐπιμνημονεῦσαι.
1190 2922 1230 2928 -
1279 2902 1301 2934 1.
1323 2900 1353 2934 4.
1386 2898 1500 2941 πάσας
1523 2898 1564 2936 δὲ
1587 2897 1780 2941 ἐξελθόντες
1800 2895 1900 2936 ουδε-

358 2954 436 2998 μίαν
461 2953 608 2998 έάσαμεν
631 2957 690 3001 (ita
711 2958 812 2992 etiam
837 2959 927 3004 Bas.)
955 2961 1038 2992 Ven.
1063 2978 1103 2984 -
1151 2959 1174 2992 l.
1198 2959 1230 2994 7.
1255 2959 1305 3004 τῷ
1324 2957 1452 3002 ταύτης
1473 2953 1614 3000 ὀνόματι
1633 2957 1715 2991 Veu.
1740 2976 1781 2983 -
1829 2954 1899 2992 19·

356 3011 495 3053 Repone
522 3009 579 3046 τόν
607 3020 684 3046 ante
713 3015 781 3050 τῶν
815 3011 914 3051 ὅλων.
959 3015 1126 3048 ΔηῖουῙιις
1154 3015 1279 3048 excidit
1309 3014 1408 3047 etiam
1439 3014 1472 3046 iu
1497 3013 1549 3046 ed.
1574 3013 1686 3045 petav.
1712 3012 1830 3046 Colon.
1856 3030 1899 3038 -

356 3067 381 3103 1.
403 3067 455 3103 11.
481 3065 726 3110 ἐπιδείξαντες,
760 3077 794 3104 et
818 3071 839 3105 1.
859 3073 909 3105 12.
934 3070 1068 3107 καὶτὸν
1093 3071 1172 3116 (εἰσ)
1196 3070 1302 3111 πέλας
1325 3072 1405 3103 ven.
1437 3089 1472 3095 —
1520 3069 1542 3103 1.
1569 3069 1618 3103 16.
1641 3067 1699 3113 μα’
1719 3064 1746 3114 ἦ
1769 3069 1828 3105 καὶ
1846 3066 1898 3113 εἰ
1952 3104 1954 3107 .
