1976 3262
491 224 677 260 umuli
702 223 784 258 mn.
811 225 869 258 ιιι.
892 226 1002 260 Tou.
1023 227 1048 260 1.
1073 226 1207 261 mnu.
1227 227 1342 261 Lxx.
1639 221 1689 262 21

134 306 374 359 &pltris
395 307 487 355 nei,
520 307 647 359 quiin
671 305 787 344 eoem
809 311 879 344 est.
943 304 1126 358 Atenim,
1160 306 1263 349 dicet
1285 306 1451 363 aliquis,
1486 304 1694 364 Scriptura

134 365 252 415 “tim
270 371 419 433 vidisse
439 371 650 430 prophetae
661 366 840 423 metii,
874 372 944 413 sed
970 381 1100 414 mente
1123 374 1458 432 intelligentiaque
1481 375 1691 427 duntaxat,

133 443 259 483 nvn*
277 436 362 482 'boc
391 439 480 482 loco
510 439 641 495 colligi
675 445 828 495 potest:
875 443 1026 493 Angelt'
1060 456 1187 482 eorum
1228 446 1356 483 vident
1388 444 1526 496 facim
1559 447 1689 497 patris
1706 454 1897 492 Manum.

133 509 229 560 ff,
268 510 342 563 qn
359 510 400 550 in
421 509 537 549 coelis
557 514 633 548 est:
679 507 771 549 item
796 520 849 549 cx
871 507 945 549 hoc
969 508 1078 549 loco:
1126 513 1239 550 Beati
1259 513 1394 551 mundo
1416 514 1550 560 corde,
1599 526 1692 565 quo-

131 574 235 618 σῦκ’
271 577 351 630 εγω·
383 577 492 617 deun
531 576 721 616 vinebunt.
798 573 913 630 Quod
956 575 1021 631 qui
1060 575 1229 628 dixerit,
1275 585 1315 618 et
1352 578 1438 619 illas
1470 578 1691 635 scripturae

132 641 353 686 sententias
383 643 484 700 apud
523 657 568 685 se
599 642 834 694 contulerit,
880 644 1043 699 perinde
1081 644 1337 686 arbitrabitur
1376 660 1691 702 unumquemque

132 709 250 769 “eh
273 717 432 764 nente,
475 725 552 753 non
586 711 710 753 oculis
741 711 893 752 videre.
958 709 1108 753 Verum
1138 711 1252 753 facile
1284 712 1357 753 iste
1389 714 1508 754 divini
1541 728 1691 756 sermo-

132 778 445 822 uie'uuetoritate
471 779 679 831 refellitur,
714 793 800 820 cum
827 779 1015 835 propbeta
1038 777 1164 820 isaias
1187 780 1306 832 dicat,
1338 783 1460 820 Miser
1481 797 1565 834 ego,
1599 797 1692 836 quo-
1716 795 1786 824 10⁸1.
1806 796 1834 833 e,
1853 797 1880 824 5.

130 845 233 889 affl
251 848 429 902 ωψω
446 861 529 888 sum
541 877 552 896 ,
597 861 641 887 eo
666 849 768 900 qnod
793 849 902 887 homo
932 850 1091 900 impuris
1120 849 1232 887 lobiis
1261 851 1300 888 in
1331 851 1449 888 medio
1466 852 1602 902 populi
1621 854 1690 890 im-

126 918 230 971 pff·
248 915 351 956 heic
371 915 545 956 habentis
565 929 636 968 ego
654 915 798 964 habito,
831 923 870 955 et
885 917 1072 955 dominum
1093 918 1328 955 exercituum
1350 919 1431 956 m'de'
1443 919 1563 957 oculis
1582 921 1686 958 mets.

129 978 225 1026 Nou
255 980 395 1026 flente
424 982 549 1035 dixit,
584 996 661 1024 non
694 979 973 1038 Cogitatione,
1006 983 1075 1024 sed
1108 981 1271 1035 Oculis,
1305 998 1460 1039 unaque
1486 998 1620 1025 veram
1644 998 1691 1026 ac

130 1049 295 1093 nudam
325 1050 440 1093 fldem
472 1050 624 1093 statuit.
687 1049 838 1106 Ecquid
869 1064 967 1106 ergo
998 1051 1185 1103 dicimus,
1228 1066 1316 1093 cum
1347 1052 1596 1106 evangelium
1628 1067 1690 1094 as-

131 1123 263 1171 mn,
306 1121 426 1160 Deum
457 1133 482 1160 a
504 1122 650 1159 nemt‘tte
679 1133 841 1172 unquam
865 1133 947 1159 esse
968 1127 1226 1173 conspectum,
1277 1120 1492 1176 prophetae
1522 1134 1620 1163 vero
1652 1128 1692 1162 et

129 1185 323 1244 opust-ili,
355 1186 433 1228 imo
456 1187 636 1228 dominus
656 1186 764 1242 ipse,
812 1187 1051 1228 contrarium
1077 1188 1297 1229 affirment?
1354 1188 1419 1230 An
1443 1187 1572 1243 aliqua
1599 1196 1692 1230 sunt

130 1252 172 1296 iu
195 1252 390 1311 scriptura
412 1267 513 1311 quae
536 1254 611 1296 sibi
637 1253 806 1296 invicem
831 1254 1079 1311 repugnent?
1121 1253 1287 1297 Minime
1310 1255 1348 1296 id
1374 1255 1545 1311 quidem.
1609 1255 1690 1298 Sed

129 1320 347 1379 werne
377 1321 477 1364 baud
508 1322 623 1364 dubie
655 1329 693 1363 et
717 1323 884 1379 apostoli
916 1323 1029 1364 deum
1061 1323 1266 1375 viderunt,
1298 1323 1415 1378 idque
1445 1323 1571 1380 ipsum
1604 1337 1691 1365 cer-

129 1387 324 1432 min-n
345 1396 431 1443 σοις
462 1391 533 1432 scd
555 1391 743 1432 hactenus
764 1390 947 1432 viderunt
967 1398 1160 1447 quatenus
1179 1398 1362 1447 poterant
1379 1391 1475 1448 ipsi,
1509 1398 1547 1432 et
1569 1405 1690 1447 quan-

129 1463 211 1500 tu·
231 1457 407 1511 licebat,
447 1471 493 1500 ac
518 1459 841 1514 quemadmodum
863 1458 988 1500 voluit
1017 1459 1137 1511 deus,
1171 1473 1215 1500 se
1245 1459 1455 1501 videndum
1487 1459 1547 1500 his
1578 1473 1690 1515 prae-

127 1523 229 1567 buit.
289 1523 446 1583 Quippe
485 1526 616 1567 omnia
657 1533 746 1568 sunt
779 1525 817 1567 in
850 1526 935 1568 eius
975 1534 1171 1583 potestate
1210 1526 1355 1583 posita.
1417 1525 1560 1582 Neque
1591 1541 1689 1569 vero

130 1590 289 1635 dubium
314 1601 376 1635 est
401 1594 493 1650 quin
517 1594 614 1636 deus
638 1594 763 1635 videri
789 1594 1143 1651 comprehendique
1170 1601 1362 1650 nequeat,
1395 1594 1509 1649 idque
1532 1596 1571 1636 in
1594 1609 1690 1636 con-

131 1659 240 1703 fessu
270 1668 334 1703 est
361 1662 462 1719 apud
493 1675 647 1703 omnes.
711 1660 791 1704 Sed
824 1669 864 1703 et
893 1662 982 1704 illud
1015 1662 1179 1718 proinde
1210 1671 1383 1714 certum,
1433 1676 1550 1718 posse
1580 1662 1686 1704 illum

130 1735 232 1788 quie
269 1729 369 1773 velit
406 1730 577 1772 efficere.
650 1732 794 1770 Nullus
832 1737 892 1770 est
927 1733 1025 1771 enim
1065 1733 1135 1784 qul
1169 1734 1250 1771 eius
1290 1733 1481 1771 voluntati
1514 1734 1681 1771 reszktat.
1705 1746 1791 1776 Beth.
1807 1747 1851 1783 1³,
1865 1748 1890 1776 ο,

128 1795 267 1855 Quare
295 1811 384 1840 cum
415 1805 455 1839 et
478 1804 619 1839 natura
644 1797 770 1839 visum
798 1811 954 1839 omnem
985 1798 1167 1854 effugiat,
1201 1805 1241 1840 et
1263 1798 1386 1854 ipsius
1409 1798 1687 1854 comprehendi

127 1864 254 1921 glori·
283 1873 475 1922 nequeat,
519 1873 648 1907 tamen
681 1866 835 1921 quoties
862 1866 1032 1917 homini,
1077 1881 1191 1922 quem
1223 1866 1433 1923 produxit,
1478 1867 1688 1908 videndum

128 1945 174 1975 sc
210 1933 402 1990 praebere
443 1933 637 1986 voluerit,
684 1933 778 1975 nibil
815 1933 900 1975 eius
940 1934 1134 1975 voluntati
1179 1934 1410 1976 reluctatur.
1484 1932 1688 1989 Siquidem

128 1999 235 2042 nott·
265 2000 306 2043 iu
329 2001 404 2043 deo
434 2001 539 2043 inest
567 2002 722 2043 affectio
753 2015 880 2058 neque
913 2002 990 2058 pati
1013 2002 1217 2058 quicquam
1242 2010 1393 2058 potest,
1428 2008 1470 2043 ιιι
1494 2009 1561 2043 aut
1585 2002 1688 2057 qnod

128 2067 226 2110 velit
255 2082 334 2111 non
365 2069 565 2126 perficiat,
608 2076 675 2111 aut
705 2071 806 2126 quod
839 2069 936 2111 nolit
965 2070 1121 2111 efficiat.
1184 2068 1260 2111 Est
1289 2071 1392 2112 enim
1431 2076 1684 2127 praepotens,

130 2142 173 2179 ct
201 2136 474 2193 quodcumque
504 2137 654 2179 libitum
685 2145 746 2179 est
778 2137 960 2189 molitur,
995 2138 1047 2179 ita
1079 2145 1209 2179 tamen
1242 2146 1284 2180 ut
1313 2152 1411 2194 quae
1444 2138 1686 2180 divinitatem

127 2204 252 2263 ipsius
281 2204 449 2247 deceant
479 2212 668 2261 perpetuo
699 2205 829 2247 faciat.
892 2204 995 2247 Nam
1028 2205 1123 2247 nihil
1149 2212 1234 2258 est,
1269 2214 1311 2248 ut
1341 2206 1448 2258 dixi,
1482 2206 1583 2261 quod
1616 2219 1686 2246 vo-

127 2271 268 2316 muti
299 2272 423 2330 ipsius
453 2273 713 2324 adversetur,
746 2287 822 2328 quo
846 2273 974 2315 minus
999 2288 1098 2329 quae
1127 2275 1224 2316 velit
1255 2289 1326 2331 pro
1349 2288 1398 2316 eo
1421 2288 1467 2315 ac
1492 2273 1687 2315 divinitati

127 2353 226 2384 eune
255 2340 444 2383 convenit
473 2347 709 2397 exequatur.
774 2339 900 2383 Deum
926 2342 1080 2398 quidem
1104 2342 1255 2395 videri,
1289 2342 1521 2399 praesertim
1543 2341 1591 2382 ab
1617 2340 1686 2381 bu-

127 2421 245 2451 mana
274 2415 440 2461 natura,
487 2423 565 2451 non
599 2422 715 2465 posse
754 2408 946 2462 latemur,
994 2424 1121 2466 neque
1152 2411 1252 2466 quod
1286 2409 1524 2466 aspectabile
1555 2415 1615 2449 est
1649 2408 1686 2449 id

127 2476 230 2534 quod
261 2477 386 2519 videri
415 2476 576 2519 omnino
608 2491 684 2518 non
718 2484 848 2533 potest
878 2477 1020 2519 intueri
1048 2479 1107 2520 sas
1131 2486 1328 2535 putamus.
1392 2475 1471 2518 Sed
1505 2476 1605 2517 idem
1630 2484 1686 2517 ta-

129 2557 218 2587 men
249 2544 458 2588 invisibilis
489 2545 586 2587 deus
617 2559 687 2601 pro
717 2558 789 2586 sua
821 2544 1061 2587 bunnanitate
1091 2560 1137 2588 ac
1169 2546 1340 2602 potentia
1379 2543 1611 2586 imbecillam
1643 2560 1685 2586 a·

128 2611 228 2654 ciem
259 2612 312 2655 ita
351 2612 496 2655 virtute
530 2627 601 2655 sua
633 2613 894 2654 corroborare
926 2614 1128 2668 dignatur,
1175 2621 1217 2654 ut
1246 2613 1347 2668 qnod
1381 2612 1504 2653 videri
1541 2612 1686 2668 alioqui

128 2693 207 2723 non
232 2686 364 2737 potest
382 2682 562 2738 aspiciat.
624 2679 751 2722 Porro
783 2694 870 2722 cum
901 2679 1097 2723 invisibile
1127 2681 1220 2723 illud
1246 2687 1286 2721 et
1306 2680 1496 2721 infinitum
1528 2680 1683 2736 aspicit,

128 2762 207 2792 nou
229 2755 422 2804 quatenus
454 2749 644 2791 inlinitum
677 2756 738 2790 est
763 2748 853 2790 illud
884 2748 1080 2801 intuetur,
1123 2750 1192 2790 sed
1228 2756 1414 2804 quantum
1446 2746 1549 2790 illius
1582 2748 1684 2803 quod

129 2815 366 2859 inbecillum
398 2824 461 2859 est
490 2824 628 2859 natura
658 2830 802 2872 capere
826 2823 979 2872 potest,
1023 2817 1214 2859 eiusmodi
1241 2816 1278 2858 vi
1304 2830 1349 2857 ac
1372 2816 1519 2858 virtute
1541 2817 1684 2858 confir-

129 2890 257 2936 mata,
301 2890 344 2926 ut
367 2884 414 2926 ad
447 2885 617 2941 potentis
650 2884 753 2925 illius
787 2883 963 2925 notitiam
997 2884 1218 2939 adaequare
1253 2898 1297 2926 se
1332 2884 1471 2941 possit.
1535 2882 1683 2939 Quam-

127 2951 262 2994 obrem
286 2942 382 2994 nibil
412 2960 474 2994 est
497 2953 536 2994 in
562 2952 688 2994 sacris
712 2951 836 2993 literis
866 2966 887 2993 a
914 2965 956 2992 se
978 2951 1063 3008 ipso
1090 2952 1341 3009 discrepans,
1384 2967 1461 2994 non
1486 2953 1682 2995 sententia

127 3019 204 3062 ulla
236 3033 335 3076 quae
366 3020 416 3062 ab
446 3020 522 3062 alia
554 3020 750 3062 sententia
782 3019 984 3062 dissideat.
