2020 3276
428 190 612 226 aarum
634 190 720 226 ms.
741 191 800 226 111.
823 192 933 226 Tou.
952 194 977 227 1.
1000 192 1134 228 uana.
1157 192 1316 228 Lxxvi.
1560 185 1643 228 289

96 271 262 331 qein-
280 270 365 328 ipee
389 278 552 315 sanctu
576 271 655 328 pati
681 271 885 327 quicquam
919 279 1072 328 potest,
1116 274 1180 329 qui
1209 273 1410 316 columbae
1439 273 1571 331 specie
1595 275 1645 317 ad

101 339 304 385 m
325 339 543 392 descendit,
575 352 648 381 nee
667 340 891 395 unigenitus
913 354 935 381 a
955 342 1102 383 loanne
1124 341 1345 398 baptizatus
1367 349 1408 385 et
1424 349 1645 385 contrecta-

98 414 188 462 ψ,
231 409 302 451 sed
324 422 452 464 neque
475 415 590 464 pater
612 407 803 450 eiusmodi
824 409 872 451 de
893 409 1004 451 coelo
1029 423 1127 450 voce
1149 423 1390 466 personans,
1437 425 1550 467 quam
1575 411 1645 454 ho·

96 474 225 521 duee
255 476 446 520 exaudire
479 483 663 534 possent,
707 479 781 517 Hie
806 485 865 517 est
880 478 997 530 ,filius
1017 492 1134 526 meus,
1167 482 1286 531 ipsum
1308 483 1447 521 audite.
1509 477 1644 534 Quare

80 544 195 589 -u‘bil
222 558 248 588 a
276 551 387 602 patre
416 545 598 588 diversus
631 551 693 587 est
726 545 844 587 filius.
915 543 970 586 Et
1002 545 1155 601 quidem
1189 554 1302 602 pater
1331 547 1530 603 ingenitus
1565 555 1642 600 est,

79 611 202 657 ’.δἐι
229 614 410 670 genium,
453 626 529 656 nee
559 613 639 655 ullo
669 613 784 655 modo
806 613 998 669 patibilis3
1044 613 1204 670 spiritus
1230 629 1326 656 vero
1356 623 1515 658 sanctus
1547 617 1647 659 citra

97 681 321 739 passionem
337 681 455 725 ullam
476 681 692 739 pmeessit3
724 689 855 724 cetera
875 683 1006 735 omnia
1029 683 1231 724 creatione
1252 684 1439 739 producta
1460 692 1566 737 sunt,
1602 699 1648 726 ac

97 749 271 807 pefecta
295 749 382 808 ipsa
402 749 556 793 trinitas
577 750 615 792 in
641 751 858 807 quantitate
878 764 951 793 sua
978 757 1017 792 et
1036 750 1212 793 increata
1236 753 1495 808 appellatione
1518 767 1647 796 rema-

97 825 188 871 net,
218 818 278 861 sie
295 825 339 861 ut
358 833 486 875 neque
509 826 770 862 commutetur
792 819 893 874 quod
917 819 1055 861 melius
1085 827 1162 872 est,
1194 834 1321 876 neque
1344 822 1447 876 quod
1472 821 1649 877 gignitur

96 885 178 934 dh
209 885 381 943 patiendi
413 887 501 943 lege
534 892 782 930 enei-ceatur.
843 885 919 930 Cui
941 888 1096 944 quidem
1118 902 1244 944 neque
1267 890 1424 944 genitor
1449 890 1647 933 obnoxius

97 954 187 999 tait.
245 953 341 999 Non
363 955 466 998 enim
488 969 720 1012 corporeum
743 962 806 998 est
824 956 997 1011 genitum
1021 957 1111 999 illud
1127 988 1138 1009 ‚
1171 958 1241 999 sed
1263 957 1425 1013 spiritus
1445 972 1468 1000 e
1489 959 1644 1014 spiritu,

97 1029 213 1072 exet
232 1030 344 1081 pane
366 1023 484 1067 lilius.
544 1025 602 1066 lta
627 1025 744 1066 etiam
776 1031 817 1066 et
840 1025 1000 1080 spiritus
1028 1032 1190 1067 sanctus
1215 1025 1264 1067 ab
1295 1026 1380 1082 ipso
1411 1041 1648 1083 progressus

97 1097 182 1144 nt,
213 1091 375 1150 spiritus
395 1092 533 1150 patris,
565 1093 726 1149 spiritus
747 1089 923 1146 Christi,
955 1108 1033 1136 non
1055 1100 1230 1147 creatus,
1262 1108 1342 1136 non
1363 1095 1537 1150 genitus,
1570 1110 1649 1139 non

97 1173 308 1216 germanus
331 1161 478 1213 frater,
518 1175 598 1203 non
617 1174 739 1214 avus,
779 1175 858 1203 non
894 1175 1031 1218 nepos.
1094 1159 1297 1218 Siquidem
1332 1163 1648 1221 incomparabilis

98 1228 247 1286 pute,
279 1228 345 1272 filii
363 1243 411 1272 ae
429 1228 591 1286 spiritus
616 1230 743 1271 sancti
765 1237 905 1272 natura
925 1230 1203 1286 cogitationem
1226 1245 1380 1273 omnem
1405 1246 1452 1274 ac
1476 1241 1647 1274 mentem

98 1304 286 1354 superat,
335 1311 414 1340 non
445 1297 642 1340 hominum
675 1297 800 1347 solnm
833 1299 1025 1351 dixerim,
1082 1313 1217 1342 verum
1248 1300 1364 1342 etiam
1397 1301 1644 1356 angelorum.

97 1362 192 1408 Non
225 1366 330 1408 enim
361 1366 612 1408 mutationem
648 1366 765 1408 ullam
797 1367 935 1409 unicus
969 1368 1029 1409 dei
1063 1367 1164 1409 filius
1194 1368 1374 1421 admisit,
1419 1383 1493 1411 nec
1525 1369 1650 1426 ipsius

99 1439 234 1491 pater,
266 1447 394 1490 neque
414 1442 575 1477 sanctus
597 1435 683 1477 eius
706 1435 882 1491 spiritus,
916 1449 965 1478 eo
986 1436 1088 1491 quod
1109 1435 1335 1492 unigenitus
1354 1451 1426 1494 per
1449 1451 1540 1480 sese
1562 1452 1651 1494 pas-

98 1502 224 1545 sionis
249 1516 396 1560 expers
433 1503 471 1544 in
507 1517 627 1545 carne
662 1503 714 1545 sit
739 1517 902 1560 passus,
946 1504 1106 1561 spiritus
1137 1519 1233 1546 vero
1261 1512 1420 1548 sanctus
1446 1505 1650 1548 columbae

99 1584 146 1615 ee
168 1571 302 1628 specie
319 1570 528 1614 videndum
553 1571 766 1624 obiecerit,
810 1587 856 1615 ac
880 1580 1079 1629 postremo
1101 1580 1212 1629 pater
1232 1573 1317 1630 ipse
1342 1587 1442 1616 voce
1465 1574 1514 1616 de
1537 1575 1650 1616 coelo

97 1638 219 1683 missa
258 1638 356 1682 eitra
396 1640 619 1697 passionem
660 1640 774 1682 ullam
816 1640 1013 1683 hominum
1055 1641 1217 1684 auribus
1256 1642 1492 1685 insonuerit.
1553 1641 1649 1685 Non

97 1721 214 1752 sens
246 1715 364 1766 atque
393 1708 548 1765 augeli,
592 1709 789 1752 coelestes
821 1709 961 1762 orbes,
1004 1717 1134 1762 terra,
1176 1717 1386 1766 ceteraque
1416 1724 1515 1766 quae
1551 1711 1648 1753 deus

96 1775 291 1830 condidit,
334 1777 464 1819 omnia
498 1777 641 1820 nullam
673 1778 824 1820 auctori
851 1792 924 1821 suo
951 1779 1204 1821 mutationem
1227 1779 1553 1835 affectionemque
1579 1778 1648 1821 tri-

95 1844 280 1890 buerunt.
342 1842 423 1888 Sed
455 1845 552 1888 haec
580 1845 710 1888 omnia
742 1847 972 1903 stupendum
1003 1847 1193 1903 quoddam
1218 1854 1310 1889 sunt
1334 1836 1651 1904 horrendumque

96 1913 326 1971 uysteriun
339 1943 354 1966 ,
395 1914 450 1955 uti
483 1913 671 1972 scriptum
707 1923 792 1968 est,
836 1918 868 1957 0
896 1918 1057 1957 altitudo
1086 1918 1325 1965 dividorum,
1369 1919 1575 1970 sapiendae
1602 1924 1642 1958 et
1652 1928 1742 1961 nen.
1752 1931 1796 1967 ιι,
1809 1929 1853 1961 ⁸³.

95 1984 276 2024 menube
303 1983 393 2023 dei!

211 2049 319 2093 Aetii
342 2046 472 2107 Caput
492 2051 633 2092 xxm.
694 2049 740 2094 Si
767 2052 923 2108 genitae
948 2053 1191 2096 substantiae
1216 2067 1358 2096 caussa
1377 2053 1427 2096 sit
1450 2053 1644 2110 ingenita,

98 2117 314 2175 ingenitum
345 2131 465 2170 vero,
509 2119 611 2174 quod
647 2118 876 2177 principium
906 2122 1070 2173 dieitur,
1113 2121 1208 2164 nihil
1238 2122 1398 2164 omnino
1427 2121 1502 2175 sit,
1548 2136 1646 2179 quo·

97 2186 214 2230 nodo
247 2192 378 2243 potest
408 2186 446 2229 id
481 2186 584 2243 qnod
616 2187 711 2230 nihil
742 2195 804 2231 est
833 2189 918 2232 eius
952 2190 1053 2246 quod
1087 2191 1317 2247 productum
1343 2198 1406 2234 est
1431 2204 1520 2234 esse
1544 2190 1650 2247 prin-

98 2254 275 2313 eipium?

213 2320 378 2367 Confut.
405 2324 545 2365 xxnt.
606 2324 783 2380 Ingenita
817 2325 1035 2368 substantia
1067 2341 1145 2369 non
1178 2327 1320 2370 eodem
1343 2341 1420 2383 quo
1442 2326 1490 2370 ad
1514 2333 1649 2369 cetera

100 2391 231 2436 onnia
251 2398 476 2449 comparata
500 2391 638 2444 modo,
669 2392 739 2434 sed
760 2393 836 2435 alio
860 2394 1025 2449 quodam
1048 2409 1168 2438 sensu
1189 2396 1353 2448 dicitur,
1386 2409 1473 2438 eum
1494 2394 1543 2437 ad
1564 2393 1649 2436 uni-

101 2473 186 2504 σιω
211 2459 386 2504 sobolem
410 2460 606 2512 refertur,
638 2460 701 2502 vel
725 2461 774 2503 ad
795 2461 971 2517 spiritum
993 2469 1195 2515 sanetum,
1228 2464 1293 2520 qui
1313 2463 1361 2506 ab
1381 2464 1466 2520 ipsa
1486 2475 1650 2520 progre-

100 2529 222 2572 ditur.
281 2526 425 2585 Neque
449 2542 545 2571 vero
579 2527 808 2585 principium
842 2536 903 2572 est
924 2530 1113 2573 eiusmodi
1145 2532 1260 2587 quale
1292 2531 1483 2587 estquod
1511 2529 1651 2572 existit

101 2610 190 2641 eum
227 2597 397 2640 nondum
427 2597 627 2639 existente
648 2604 930 2654 comparatum.
992 2597 1145 2656 Quippe
1168 2614 1245 2642 non
1272 2613 1325 2642 ex
1347 2598 1469 2641 nihilo
1493 2598 1651 2655 genitus

101 2672 166 2709 eet
181 2665 306 2718 filius,
338 2678 465 2722 neque
489 2680 566 2708 non
587 2665 766 2708 existens
783 2672 845 2708 est
868 2666 932 2722 qui
955 2667 1114 2722 gennit,
1155 2668 1218 2710 vel
1238 2666 1303 2723 qui
1326 2667 1375 2709 ab
1400 2666 1486 2723 ipso
1512 2679 1651 2723 proce·

52 2772 57 2773 γ
104 2733 161 2777 dit
190 2733 351 2791 spiritus
385 2741 571 2786 sanctus;
632 2741 853 2776 ceterorum
888 2747 984 2777 vero
1016 2749 1157 2778 caussa
1200 2742 1263 2777 est
1292 2735 1472 2778 existens
1505 2733 1647 2791 ipsum.

105 2798 358 2860 Quapropter
372 2810 510 2859 suapte
527 2802 654 2859 gloria
668 2816 713 2844 ac
729 2803 937 2860 splendore
954 2803 1126 2858 praedita
1146 2816 1303 2859 semper
1323 2809 1384 2845 est
1397 2809 1652 2846 sacrosancta

153 2893 206 2930 ts.
230 2894 317 2928 uer-t
339 2894 436 2935 vulno
456 2891 495 2928 τὸ
518 2892 588 2929 τόν.
946 2894 978 2927 ’2.
1003 2895 1112 2935 Differ(
1135 2895 1292 2935 scripture
1314 2895 1349 2927 tn
1371 2895 1592 2937 superioribus,
1613 2895 1651 2927 da

154 2937 207 2975 19.
232 2940 318 2973 mm
337 2936 594 3018 τῆξᾶὶόσεως.
629 2942 668 2973 At
687 2941 857 2974 artificium
900 2949 964 2994 qun
987 2940 1058 2972 vide
1083 2941 1115 2972 in
1138 2943 1255 2972 unnott.
1371 2987 1378 2994 ·

106 2994 168 3020 nen
190 2987 362 3041 equom
467 3008 476 3016 .
500 2994 573 3019 ωε.
946 2985 979 3019 ὀ.
1002 2982 1163 3027 iamiam
1186 2986 1254 3018 cod.
1279 2986 1407 3028 nmen.

155 3032 183 3066 l.
206 3041 230 3074 η
254 3040 316 3063 non
338 3033 508 3071 oonoeeunt
531 3031 622 3064 codd.
647 3041 720 3065 men.
947 3030 978 3064 4.
1003 3026 1027 3072 τί
1052 3039 1111 3063 om.
1136 3030 1204 3064 eod,
1227 3030 1355 3073 Rhodia.

177 3083 295 3121 Cet-pue
314 3082 494 3115 nure-aot.
506 3083 543 3113 ll.
556 3085 583 3113 2.
1329 3091 1380 3131 ¹9
