2020 3276
345 202 428 245 770

344 288 494 324 Platonis
525 287 620 321 locus
643 298 684 321 ex
707 287 887 322 Phaedone
909 287 953 322 de
976 287 1095 322 mortis

388 344 584 379 definitione
607 347 685 377 580.

342 401 719 436 Pneumatomacborum
738 401 883 435 haeresis
901 405 956 437 54.
975 402 1094 436 ordine

388 457 634 503 septuagesima
651 464 769 503 quarta
789 460 865 491 886.
879 477 925 485 -
966 458 1032 504 ipsi
1052 470 1093 492 ex

389 513 518 548 Arianis
538 522 575 548 et
597 514 771 549 catholicis
790 515 929 549 conflati
948 518 1025 550 887.
1050 535 1091 542 -

388 573 432 607 de
453 584 532 607 vera
563 571 631 606 fide
662 578 698 605 et
716 571 835 617 spiritu
868 572 1030 618 quaedam
1052 584 1093 606 ex

386 633 558 664 Ancorato
584 628 761 674 Epiphanii
782 636 944 675 excerpta
968 632 1044 662 888.

341 687 552 721 Poenitentia
567 685 668 731 lapsis
683 685 893 728 conceditur,
916 685 1092 732 exemplis-

387 755 451 789 que
480 755 560 778 vere
592 743 838 788 poenitentium
864 743 901 776 id
930 743 1094 789 probatur

387 803 466 834 500.
494 819 535 827 -
592 800 712 845 quibus
743 799 854 834 verbis
887 800 922 833 in
953 799 1093 834 Cautico

387 857 561 902 eleganter
589 856 791 903 depingatur
821 859 899 890 501.
925 875 967 883 -
1014 864 1094 903 post

384 921 530 948 mortem
552 913 783 959 poenitentiae
802 913 910 948 nullus
931 920 984 948 est
999 913 1093 949 locus

387 974 464 1006 502.

341 1028 590 1063 Poenitentiam
625 1038 693 1061 non
730 1038 830 1062 unam
869 1028 942 1063 dari
975 1036 1094 1063 contra

388 1086 572 1128 Novatum,
596 1084 657 1118 sed
667 1084 798 1130 saepius
817 1084 944 1128 iterari,
965 1092 1002 1119 et
1020 1097 1092 1119 esse

385 1141 576 1176 hominibus
605 1141 825 1176 necessariam
856 1145 936 1176 498.
959 1161 1005 1169 -
1050 1142 1094 1176 de

388 1210 427 1233 ea
448 1198 634 1243 explicatur
663 1199 812 1244 apostoli
831 1198 926 1233 locus
944 1202 1023 1233 494.
1048 1219 1092 1226 —

386 1267 446 1290 eur
486 1255 627 1290 ecclesia
659 1255 904 1301 poenitentiam
934 1256 1094 1291 admittat

385 1313 466 1346 ibid.

341 1370 470 1404 Poetae
493 1369 637 1415 gentiles
666 1370 763 1404 initio
797 1372 936 1416 operum
968 1371 1091 1414 Musas,

389 1426 569 1476 Christiani
580 1437 696 1461 verum
710 1427 869 1462 invocant
884 1429 982 1462 deum
999 1432 1030 1463 2.
1047 1446 1087 1455 *-

387 1483 535 1518 omnium
550 1495 663 1518 rerum
675 1484 814 1519 scientia
828 1485 893 1519 soli
911 1485 976 1519 deo
993 1497 1087 1519 eom·

385 1540 474 1586 petit
498 1544 530 1575 2.

341 1597 545 1643 Polyandria
561 1597 735 1643 sepulcra,
771 1609 856 1644 qnae
876 1606 912 1632 et
936 1598 992 1632 ubi
1014 1606 1091 1633 sunt

386 1657 464 1689 132.

341 1711 541 1746 Pontificum
568 1711 795 1746 Romanorum
819 1724 922 1758 nsque
940 1712 986 1746 ad
1005 1712 1088 1747 Ani—

386 1776 496 1803 cetum
517 1769 684 1802 successio
709 1771 786 1802 10⁷.

340 1825 555 1872 Porphyrius,
578 1832 615 1859 et
630 1825 687 1859 alii
704 1826 846 1870 gentiles
870 1825 1090 1871 evangelistas

385 1882 674 1927 reprehenderunt
696 1885 775 1917 429.

339 1939 534 1972 Potamonis
550 1940 584 1973 in
604 1940 780 1974 Eusebium
802 1939 967 1974 libertatis
987 1939 1090 1985 plena

388 2007 455 2029 vox
479 1999 556 2030 723.

339 2051 531 2086 Potestas-s
551 2065 572 2087 a
593 2053 659 2087 deo
675 2053 892 2095 constitutae,
915 2061 950 2087 et
970 2055 1004 2087 in
1027 2064 1090 2086 eo-

386 2109 463 2143 dem
484 2120 588 2154 regno
610 2110 779 2144 stabilitae
799 2110 854 2144 uni
884 2117 995 2144 tamen
1018 2110 1090 2155 regi

386 2174 508 2212 parent
532 2169 611 2200 294.

338 2223 603 2268 Praeceptorum
636 2235 855 2269 quorumnam
898 2224 1090 2258 observatio

386 2281 430 2314 sit
452 2281 638 2314 necessaria
655 2283 734 2314 50⁷.

341 2336 533 2382 Presbyteri
553 2337 624 2372 fieri
644 2350 714 2372 non
733 2345 872 2383 possunt
889 2338 1033 2380 uxorati,
1057 2345 1093 2371 et
1112 2317 1116 2400 l

386 2393 429 2428 de
451 2394 644 2428 clericorum
664 2394 828 2429 caelibatu
845 2395 994 2429 notanda
1013 2397 1091 2428 496.

388 2470 432 2477 —
466 2463 525 2485 cur
555 2452 706 2485 nonnulli
737 2451 923 2497 presbyteri
954 2452 1093 2497 aliisque

392 2509 427 2542 in
450 2508 622 2542 ordinibus
645 2508 820 2542 constituti
843 2509 965 2543 liberos
987 2509 1093 2542 susci-

392 2565 487 2610 piant
509 2577 550 2599 ex
573 2565 730 2599 uxoribus
752 2565 834 2600 ibid.

340 2622 522 2668 Presbyter
543 2634 611 2656 non
635 2629 687 2656 est
711 2634 772 2668 par
790 2622 951 2668 episcopo
976 2629 1094 2657 contra

386 2680 520 2713 Aetium
545 2682 624 2713 906.

340 2736 504 2782 Principia
527 2737 594 2771 duo
629 2736 725 2770 simul
766 2748 838 2771 esse
861 2749 930 2771 uon
952 2744 1092 2782 possunt

390 2796 467 2827 300.

344 2849 510 2894 Principia
545 2862 617 2884 esse
647 2851 743 2896 plura
772 2862 841 2885 non
874 2857 1016 2896 possunt
1049 2862 1092 2884 ne

388 2916 489 2939 uuum
510 2906 651 2941 alterum
673 2908 824 2942 destruat
848 2910 925 2942 392.

342 2961 488 2995 Privatio
511 2963 627 3007 quibus
650 2964 748 2998 rebus
771 2964 907 3010 proprie
928 2964 1093 2999 tribuatur

388 3020 465 3050 960.

951 208 1096 243 mnnx
1119 207 1288 243 RERUM.

1135 288 1325 334 Prophetae
1343 288 1478 323 Davidis
1495 293 1649 324 excessus
1659 289 1767 336 quib
1784 289 1888 324 {horit

1181 347 1259 379 408.
1278 365 1323 371 —
1367 345 1449 379 item
1473 353 1509 380 et
1530 345 1620 380 Petri
1640 345 1677 381 ia
1696 346 1783 382 aad·
1802 344 1886 381 ibid.

1138 402 1325 447 Prophetae
1345 401 1557 437 Antiochiam
1575 403 1755 449 migrantes
1774 402 1887 438 lamen

1182 459 1379 493 nuntiarunt
1401 462 1480 494 409.
1889 475 1895 485 =

1139 515 1328 561 Prophetae
1348 515 1428 550 olim
1442 516 1633 559 necandi,
1653 516 1716 552 sed
1730 522 1810 563 post
1826 516 1887 551 ad-

1186 580 1321 607 ventum
1355 572 1481 607 Christi
1513 581 1704 615 cessarunt,
1738 572 1887 619 ιιι-νῦ

1186 641 1254 663 non
1284 629 1460 664 necessarii
1485 636 1600 665 umen
1621 641 1690 666 non
1708 628 1888 677 spn‘nandi

1186 685 1278 731 quod
1298 686 1475 733 multiplici
1495 686 1713 722 similitudino
1732 685 1887 721 dedam·

1186 750 1241 777 tur
1265 746 1342 776 698.

1140 799 1403 845 Prophetarum,
1425 801 1659 846 apostolorum
1680 807 1718 836 et
1739 810 1886 846 evange·

1184 857 1335 891 listarum
1366 857 1541 892 consensio
1570 858 1607 892 in
1629 870 1707 894 vera
1732 857 1800 892 fide
1823 857 1888 892 tri-

1185 914 1301 948 nitatis
1323 918 1403 950 486.

1140 971 1330 1017 Prophetae
1354 972 1423 1006 veri
1447 983 1467 1006 a
1492 972 1578 1007 salso
1611 971 1787 1007 discrimen
1809 973 1888 1006 404.

1142 1028 1330 1075 Prophetae
1362 1029 1412 1063 sui
1436 1037 1630 1075 compotes,
1669 1020 1707 1064 et
1734 1040 1775 1064 ea
1802 1039 1888 1075 qun

1184 1085 1335 1120 dicerent
1365 1086 1590 1132 intelligentes
1618 1085 1792 1121 vaticinati
1810 1090 1889 1120 sunt

1184 1145 1263 1176 403.

1139 1200 1342 1244 Prophetiae
1382 1212 1441 1235 cnr
1474 1201 1658 1247 loquantur
1692 1199 1736 1235 de
1770 1199 1887 1235 futuro

1183 1269 1244 1303 per
1265 1264 1396 1303 tempus
1418 1258 1635 1304 praeteritum
1657 1257 1710 1292 vel
1731 1267 1888 1303 praesens

1184 1316 1284 1348 1063.

1138 1371 1373 1416 Prophetissae
1398 1370 1548 1406 Priscilla
1577 1379 1613 1406 et
1638 1368 1839 1412 Maximilla,
1865 1382 1885 1404 a

1182 1425 1308 1462 Ioanne
1328 1428 1363 1461 in
1378 1428 1579 1474 Apocalypsi
1595 1426 1785 1474 praedictae
1808 1429 1886 1462 45⁶.

1135 1484 1313 1531 Propheta'
1333 1485 1368 1518 in
1401 1485 1507 1519 veteri
1529 1491 1732 1520 testamento
1765 1482 1889 1519 dicitur

1181 1542 1298 1576 videns
1320 1544 1399 1576 405.

1136 1599 1268 1633 Prunici
1302 1599 1436 1633 nomine
1473 1598 1553 1644 quid
1583 1598 1808 1644 intelligatur,
1849 1600 1884 1632 et

1181 1656 1341 1690 Prunicae
1368 1655 1624 1701 pulchritudinis
1643 1664 1709 1690 vox
1733 1654 1814 1701 quid
1837 1654 1886 1689 si-

1181 1713 1316 1758 gnificet
1341 1715 1392 1746 78.

1136 1769 1257 1804 Psalmi
1291 1773 1345 1803 63.
1383 1769 1474 1804 loeus
1510 1769 1695 1815 explicatur
1728 1770 1807 1803 tm.
1843 1788 1887 1796 —

1182 1827 1264 1860 item
1287 1826 1408 1860 Psalmi
1432 1829 1510 1860 123.
1535 1825 1701 1872 expositio
1723 1825 1806 1860 ibid.

1137 1883 1321 1918 Ptolemaei
1349 1895 1444 1916 error
1463 1883 1584 1928 impius
1608 1882 1694 1917 eit-m
1722 1881 1806 1928 legis
1824 1882 1888 1916 ια’-

1183 1947 1312 1974 ctorem
1340 1943 1416 1974 221.
1439 1959 1486 1966 —
1533 1940 1602 1973 eins
1622 1938 1786 1974 refutatio
1808 1939 1888 1974 28².

1181 2004 1215 2030 et
1235 2007 1326 2042 seqq.
1342 2015 1385 2023 -·
1418 2008 1503 2042 qnae
1522 1996 1682 2031 confinxit
1701 1995 1746 2031 de
1764 1995 1887 2042 triper-

1181 2053 1245 2087 tita
1263 2053 1343 2098 legis
1358 2053 1522 2087 divisione
1535 2053 1735 2087 refelluntur
1756 2054 1833 2088 224.
1843 2072 1888 2080 -—

1181 2123 1201 2144 a
1223 2110 1416 2144 Ptolemaeo
1447 2110 1491 2143 de
1519 2111 1595 2155 lege
1616 2109 1664 2144 sie
1695 2109 1885 2144 disseritur:

1182 2167 1235 2201 lex
1271 2167 1379 2202 omnis
1409 2166 1575 2201 trifariam
1609 2164 1788 2201 distributa
1818 2172 1884 2209 est,

1181 2235 1265 2270 quae
1285 2224 1430 2270 quinque
1461 2219 1556 2258 libris
1579 2223 1708 2269 Moysis
1729 2222 1886 2258 contiuo·

1181 2289 1237 2315 tur
1260 2284 1336 2315 21⁷.
1362 2301 1403 2307 —
1451 2293 1560 2326 neque
1579 2291 1600 2314 a
1618 2280 1693 2315 solo
1712 2279 1779 2315 deo
1798 2291 1883 2326 pro—

1183 2339 1297 2379 secta,
1333 2338 1394 2372 sed
1424 2338 1547 2383 partim
1570 2349 1590 2372 a
1610 2337 1733 2384 Moyse
1762 2337 1887 2384 partim

1183 2395 1399 2429 asenioribus
1418 2394 1499 2430 ibid.
1518 2413 1563 2422 -
1585 2394 1639 2428 lex
1649 2393 1795 2440 coniugii
1802 2403 1887 2440 pen-

1183 2459 1287 2498 petuo
1307 2451 1474 2486 retinendi
1494 2457 1546 2485 est
1564 2462 1584 2485 a
1603 2450 1690 2496 deo,
1713 2450 1886 2497 repudium

1183 2521 1203 2543 a
1226 2510 1347 2555 Moyse
1372 2511 1449 2542 218.
1475 2527 1519 2535 -
1563 2519 1674 2542 rursus
1695 2507 1751 2542 lex
1771 2518 1791 2542 a
1810 2506 1885 2542 dolo

1183 2565 1248 2599 deo
1269 2565 1424 2610 profecta
1445 2565 1479 2599 iu
1502 2565 1568 2598 tria
1595 2564 1742 2598 membra
1760 2562 1885 2598 dividi-

1179 2630 1235 2656 tur
1253 2626 1333 2658 219.
1351 2641 1396 2649 -—
1438 2621 1494 2655 lex
1512 2621 1665 2666 decalogi
1683 2618 1884 2667 qaaBsibid.

1113 2683 1116 2695 '
1183 2700 1227 2707 —
1250 2679 1331 2725 quid
1353 2679 1388 2712 in
1409 2679 1517 2713 veteri
1548 2678 1624 2723 lege
1647 2677 1796 2712 (lu-ism
1813 2676 1883 2710 im-

1183 2736 1325 2782 pleverit
1342 2735 1424 2770 ibid.
1447 2755 1492 2761 —
1537 2734 1621 2779 legis
1638 2739 1774 2780 partem*
1787 2733 1884 2779 typi-

1184 2805 1256 2828 cam
1276 2805 1317 2827 ac
1339 2791 1558 2838 symbolicam
1582 2790 1734 2826 Christus
1751 2789 1795 2824 ad
1815 2789 1884 2835 spi-

1183 2850 1313 2884 ritalem
1326 2861 1459 2883 sensum
1469 2847 1650 2890 transt-lit,
1670 2853 1805 2896 quntum
1816 2858 1884 2882 non

1182 2906 1317 2940 sustulit
1339 2909 1418 2940 220.

1137 2963 1413 2998 Ptolemaitarum
1430 2961 1588 3002 haeresis,
1609 2971 1695 3005 qnae
1714 2967 1767 2994 est
1786 2961 1883 2995 xm.

1182 3027 1262 3065 post
1281 3019 1565 3054 Christianismum
1583 3019 1661 3051 214,
1678 3037 1720 3044 —
1754 3017 1799 3052 ab
1818 3028 1883 3052 au·
