2020 3276
417 266 601 301 rammi
624 266 711 300 mu.
724 266 785 300 ιιι.
808 264 919 300 τοΜ.
935 268 977 300 ιι.
1003 263 1138 301 naen.
1154 268 1318 301 Lxxix.
1555 260 1638 302 449

88 356 229 407 etqua
260 347 415 392 ratione
447 346 715 390 convincenda
748 346 801 388 sit
824 346 1028 404 implorata
1062 348 1124 389 dei
1150 362 1224 405 ope
1256 363 1327 405 pro
1354 348 1458 390 virili
1479 347 1640 390 demon-

92 417 326 470 munim,
371 423 415 459 nt
436 415 552 458 buius
572 415 771 467 haeresis,
811 429 912 471 quae
934 415 1180 458 idololatriae
1205 416 1486 473 superstitione
1515 416 1642 474 impli-

90 491 282 537 αισα,
324 484 492 527 auccisis
525 483 719 526 radicibus
750 490 896 526 tantam
919 498 974 526 ex
999 483 1140 527 animis
1167 486 1423 541 quorumdam
1450 486 1641 528 insaniam

87 567 142 602 ae
166 553 317 598 rabiem
345 553 477 595 divina
508 566 584 610 ope
614 552 767 595 facilius
797 553 1029 595 evellamus.

116 647 118 651 ·
207 620 327 678 Agite
347 633 470 678 ergo,
503 622 564 663 dei
592 621 741 672 famuli,
772 621 908 663 viriles
929 620 1196 679 concipiamus
1222 622 1389 675 animos,
1422 631 1466 666 ut
1486 623 1644 665 mulier-
1670 630 1750 675 cap.
1772 631 1813 663 tt.

88 690 269 734 autumn
302 690 465 732 istarum
498 689 762 732 disturbemus
796 689 1023 733 amentiam.
1095 689 1207 732 Nihil
1247 691 1349 732 enim
1385 692 1424 733 in
1463 699 1545 734 toto
1577 692 1644 734 illo

74 759 279 818 'dogmate
314 765 473 816 praeter
516 757 745 800 muliebrem
784 757 1008 815 opinionem
1046 766 1131 811 est,
1189 774 1236 800 ac
1276 759 1463 816 deceptae
1506 775 1645 803 rursus

94 825 208 871 &aa
233 827 436 879 morbum,
479 827 565 869 sive
596 826 725 883 potius
755 827 952 883 serpentis
987 827 1222 870 incitatricis
1252 829 1299 870 ad
1323 829 1463 870 malum
1496 829 1646 872 bestiae

94 902 244 939 etcum
278 895 362 951 ipsa
396 895 614 937 collocutae
646 896 816 937 mendax
839 896 1070 953 promissi03
1112 910 1213 952 quac
1242 896 1337 938 nihil
1362 897 1479 939 affert
1499 897 1538 939 in
1566 912 1647 940 me-

94 964 226 1018 dium,
270 977 399 1020 neque
431 964 625 1020 promissa
654 963 829 1021 perlicit,
868 964 942 1022 ‚sed
966 972 1132 1007 mortem
1165 972 1204 1007 et
1225 965 1390 1007 exitium
1417 967 1645 1018 consciscit,

92 1033 188 1076 dun
221 1045 271 1076 ea
303 1046 403 1089 quae
438 1046 628 1088 nusquam
661 1033 740 1074 sint
776 1039 958 1088 tanquam
994 1047 1089 1075 vera
1126 1040 1167 1075 et
1201 1033 1416 1076 existentia
1455 1035 1643 1076 nominat.

93 1099 206 1158 Quia
238 1107 282 1144 et
303 1101 397 1143 illud
418 1100 558 1152 efficit,
602 1108 645 1143 ut
667 1114 721 1144 ex
753 1101 907 1144 arboris
941 1109 1155 1159 conspectu
1184 1102 1223 1144 in
1250 1104 1364 1145 deum
1396 1111 1649 1146 contumaces
1685 1116 1762 1144 oen.
1783 1117 1809 1144 1.

96 1171 204 1223 aiat,
245 1176 288 1213 et
315 1183 339 1212 a
368 1169 536 1211 veritate
566 1169 824 1212 abhorrentes
853 1170 901 1212 ad
933 1171 1049 1212 multa
1091 1185 1138 1213 ac
1178 1171 1335 1214 diversa
1377 1173 1645 1214 traducantur.

97 1236 330 1283 Cuiusmodi
351 1252 449 1280 vero
471 1237 621 1280 semina
645 1238 913 1281 fraudulentus
937 1239 1002 1280 ille
1021 1239 1141 1282 iaciat
1164 1253 1217 1282 ex
1244 1241 1329 1283 eius
1357 1241 1490 1284 verbis
1511 1242 1651 1283 existi-

98 1307 198 1350 mari
219 1314 373 1365 potest,
415 1309 560 1357 Erum,
604 1307 751 1363 inquit,
793 1310 895 1348 sti-ut
922 1310 990 1348 dii.
1054 1308 1187 1364 Atque
1221 1309 1358 1351 eodem
1385 1310 1498 1367 plane
1535 1311 1650 1351 modo

98 1375 251 1419 hestiae
273 1375 377 1419 illius
396 1375 623 1431 arrogantia
647 1382 763 1432 atque
785 1376 887 1418 fastu
910 1376 1076 1418 istorum
1101 1377 1262 1434 spiritus
1283 1378 1516 1421 efferuntur.
1534 1388 1535 1391 ’
1562 1376 1651 1434 Qua

98 1444 254 1502 quidem
277 1443 460 1502 superbia
484 1444 657 1501 proprie,
691 1443 746 1485 uti
769 1444 964 1498 diximus,
1002 1451 1167 1487 mortem
1202 1445 1268 1488 illa
1301 1447 1500 1489 conciliat.
1546 1446 1651 1489 Nam

98 1521 145 1557 ιι
170 1513 221 1556 ab
255 1512 427 1570 antiquis
466 1512 708 1569 temporibus
737 1513 783 1554 ad
819 1513 918 1555 banc
953 1527 1077 1569 usque
1112 1514 1213 1556 diem
1255 1515 1387 1557 animo
1427 1523 1651 1572 repetamus

102 1582 259 1635 onata,
302 1580 391 1639 quia
410 1595 488 1624 nou
514 1581 620 1623 videt
647 1581 878 1623 daemonum
905 1582 1008 1624 illam
1034 1596 1125 1625 esse
1148 1583 1366 1626 doctrinam
1392 1598 1437 1626 ac
1463 1585 1652 1641 speciem,

107 1657 147 1694 et
175 1651 463 1707 discrepantem
499 1649 548 1692 ab
580 1656 688 1691 recta
723 1649 875 1691 ratione
910 1652 1122 1693 conatum?
1188 1650 1400 1708 Nunquam
1430 1653 1559 1705 enim,
1603 1667 1657 1694 ex

109 1732 188 1777 quo
206 1719 374 1762 muudus
391 1719 580 1761 conditus
614 1726 698 1771 est,
741 1719 964 1761 sacerdotio
984 1727 1045 1761 est
1069 1721 1199 1762 functa
1220 1721 1381 1774 mulier,
1424 1735 1468 1764 ac
1496 1735 1546 1763 ne
1567 1720 1656 1763 Eva

108 1787 263 1846 quidem
282 1788 391 1845 ipsa,
422 1801 522 1844 quae
544 1788 698 1830 tametsi
721 1787 996 1843 gravissimum
1019 1787 1200 1831 delictum
1224 1789 1448 1842 admiserit,
1481 1798 1558 1832 tam
1585 1789 1658 1831 im-

103 1853 212 1915 pi!-
234 1857 386 1900 facinus
406 1863 634 1912 perpetrare
659 1870 855 1912 nunquam
883 1870 979 1899 ausa
1005 1865 1090 1910 est,
1134 1858 1203 1900 sed
1227 1873 1300 1900 nec
1323 1859 1400 1901 ulla
1425 1859 1587 1901 filiarum
1613 1858 1658 1900 il·

108 1925 200 1968 tiu.
258 1923 504 1981 Quamquam
528 1932 567 1967 et
587 1924 690 1967 Abel
721 1925 795 1967 deo
814 1925 978 1968 subinde
1009 1940 1122 1968 sacra
1149 1927 1309 1979 fecerit,
1355 1935 1395 1969 et
1417 1925 1568 1970 Cainus
1593 1942 1659 1969 co-

108 2007 193 2036 ram
225 1991 383 2036 domiuo
414 1993 607 2036 sacrificia
641 1993 798 2036 minime
833 2001 963 2036 tamen
999 1995 1055 2037 illi
1089 2003 1199 2051 grata
1235 1995 1457 2038 celebrarit.
1534 1995 1587 2039 Ut
1620 2003 1661 2037 et

113 2061 275 2114 Enoch,
307 2061 373 2118 qui
392 2064 461 2103 deo
481 2064 649 2115 placuit,
683 2070 722 2103 et
745 2065 954 2104 translatus
973 2072 1043 2104 est.
1106 2062 1199 2107 Noe·
1223 2079 1319 2107 vero
1345 2079 1397 2107 ex
1420 2065 1468 2107 iis
1494 2079 1658 2121 quorum
1678 2073 1746 2101 Gen
1749 2073 1795 2109 5,
1804 2073 1848 2102 12

109 2131 151 2174 iu
172 2142 265 2174 arca
285 2129 400 2186 eopia
427 2130 690 2182 redundabat,
733 2131 780 2173 ad
802 2132 976 2187 agendas
1001 2131 1149 2188 gratias
1180 2133 1319 2175 obtulit
1347 2134 1445 2187 deo,
1479 2133 1657 2190 gratique
1676 2142 1720 2171 1-:0
1722 2142 1759 2171 c.1
1773 2142 1814 2178 ιι,
1823 2142 1864 2171 16.

110 2198 231 2243 animi
262 2198 588 2276 significationem
620 2198 748 2251 dedit,
790 2214 877 2242 cum
905 2199 944 2242 in
981 2201 1086 2243 illum
1110 2215 1132 2243 a
1159 2216 1235 2258 quo
1262 2209 1445 2244 servatus
1468 2209 1555 2244 erat
1580 2215 1661 2243 me-

113 2281 263 2312 morem
295 2266 474 2310 beneficii
507 2266 678 2309 animum
708 2273 876 2310 testatus
900 2275 975 2311 est.
1036 2267 1141 2312 Nam
1173 2277 1213 2311 et
1245 2270 1467 2313 Abraamus
1504 2270 1567 2312 ille
1604 2270 1661 2311 iu-

114 2342 200 2381 atus
221 2336 296 2379 deo
321 2334 572 2379 sacrificavit.
633 2333 735 2377 Tum
757 2333 1072 2380 Melchisedecus
1100 2341 1278 2379 sacerdos
1300 2341 1365 2380 dez
1381 2342 1574 2387 altaksaemae’,
1622 2344 1662 2379 et
1679 2347 1748 2376 oen
1749 2348 1811 2381 .,ιι
1825 2348 1865 2375 ιιι.

115 2403 299 2458 laneus,
341 2404 407 2460 qui
427 2404 502 2446 deo
525 2403 689 2460 placuit,
723 2417 796 2445 nee
822 2418 898 2446 non
923 2411 964 2447 et
984 2403 1150 2449 lacobus
1172 2414 1380 2463 utcumque
1403 2409 1527 2463 potuit
1547 2420 1661 2448 sacra
1680 2382 1747 2411 ⁶⁸
1750 2368 1814 2417 ’Μ’
1828 2382 1865 2409 ω’

117 2483 238 2532 anper
267 2472 432 2531 lapidem
467 2472 660 2524 offerens,
702 2485 725 2513 e
748 2471 931 2514 lenticula
961 2473 1089 2516 oleum
1119 2474 1274 2518 infudit.
1337 2473 1461 2518 Cuius
1480 2489 1502 2518 e
1528 2475 1663 2517 liberis

112 2548 255 2600 pate·
276 2539 379 2585 Levi
402 2540 612 2583 sacerdotii
639 2538 866 2595 dignitatem
890 2540 1081 2594 obtinuit,
1115 2556 1136 2584 a
1159 2557 1236 2599 quo
1256 2544 1440 2601 deinceps
1464 2542 1663 2601 propagati

11 2633 46 2737 ς.

24 2738 45 2795 ἕἸ
119 2746 308 2801 Eleazar,
339 2746 527 2798 Pbinees,
562 2754 602 2788 et
627 2744 798 2788 ithamar
822 2745 934 2787 buius
956 2759 1094 2803 nepos.
1156 2745 1260 2803 Quid
1281 2755 1412 2790 autem
1438 2762 1507 2790 eos
1530 2761 1666 2790 omnes

21 2770 44 2824 ἰι

119 2617 212 2655 aaut
225 2610 290 2668 qui
308 2610 475 2653 eundem
496 2609 671 2651 ordinem
688 2608 928 2664 gradumque
945 2615 1178 2663 tenuerunt3
1202 2612 1337 2667 quales
1357 2613 1466 2654 fuere
1480 2610 1662 2668 Moyses,

119 2686 309 2737 νυμον
338 2678 452 2721 simul
486 2684 527 2719 et
554 2690 755 2719 sacrorum
781 2677 970 2729 antistes,
1012 2684 1091 2720 tum
1113 2679 1274 2733 Aaron,
1317 2687 1355 2721 et
1380 2679 1554 2721 Aaronis
1581 2678 1663 2731 lilii,

39 2855 50 2867 ,7
123 2829 429 2860 commemorare
462 2828 627 2858 necesse
658 2821 719 2857 est
745 2813 810 2870 qui
843 2814 881 2855 in
908 2821 1043 2857 vetere
1067 2821 1301 2857 testamento
1324 2816 1398 2857 deo
1421 2816 1668 2859 sacriticasse

124 2884 332 2942 leguntur?
390 2882 726 2939 Quemadmodum
767 2882 959 2934 Achaeti,
1003 2883 1105 2925 inter
1143 2890 1322 2935 ceteros,
1367 2891 1446 2926 tum
1488 2882 1665 2936 Coritae‚

126 2950 366 2996 Geraonitae
395 2959 436 2994 et
464 2950 705 3003 Meraritae‚
747 2952 810 3007 qui
844 2965 897 2993 ex
927 2949 1157 2993 Levitarum
1195 2952 1332 2994 ordine
1361 2953 1532 2996 luerunt.
1605 2954 1669 2996 Ad

126 3019 223 3065 ltaee
253 3022 390 3064 domus
413 3018 501 3071 Eli,
544 3020 707 3076 eiusque
729 3034 1004 3071 successores,
1052 3021 1115 3076 qui
1141 3035 1192 3062 ex
1215 3019 1336 3078 ipsius
1366 3021 1601 3077 cognatione
1624 3021 1663 3064 in
1684 3034 1707 3062 ι.
1727 3033 1802 3068 neg.
1817 3033 1840 3060 ι.

128 3089 242 3132 domo
262 3088 491 3131 Abimelecb
511 3095 551 3130 et
570 3089 761 3130 Abiatbar
779 3089 1013 3142 extiterunt,
1048 3089 1101 3131 uti
1127 3087 1310 3131 Chelcias
1334 3103 1381 3131 ac
1398 3088 1513 3143 Buzi,
1547 3105 1670 3146 usque

197 3155 315 3193 corpu·
334 3154 512 3184 ιιιιηιοοι.
525 3152 562 3182 ιι.
574 3155 600 3183 2.
1348 3162 1402 3203 29
