2020 3276
453 148 631 184 ΡΑΝΑιιιι
657 150 740 183 mn.
762 151 820 184 ιιι.
842 151 951 185 Tou.
974 152 998 184 1.
1023 150 1154 184 nana.
1172 150 1330 183 Lxxvi.
1580 141 1664 182 215

117 257 121 259 f
160 255 194 271 ·,-.
228 231 335 272 xm.
363 228 411 274 si
431 230 606 285 ingenita
640 237 780 272 natura
806 230 1003 285 praeditus
1027 231 1123 273 deus
1147 230 1395 286 omnipotens
1416 228 1574 285 genitae
1596 243 1667 270 na-

111 305 232 343 me
251 298 514 347 conditionem
537 298 577 340 in
601 311 692 340 sese
717 313 796 339 uon
817 299 997 353 agnoscit
1011 331 1023 350 ,
1057 299 1157 340 filius
1178 313 1275 340 vero
1295 298 1467 353 genitam
1487 304 1665 340 naturam

116 365 266 411 babens
289 365 480 410 eiusmodi
502 381 547 409 se
573 367 698 422 qualis
723 373 785 408 est
806 366 1009 422 agnoscit,
1052 380 1181 408 nonne
1209 374 1288 408 tota
1319 366 1383 409 illa
1408 365 1666 409 consubstan-

112 434 226 479 iistis
253 434 355 482 ratio
384 436 558 477 mendax
586 442 649 477 est
679 448 727 476 ac
755 435 877 487 falsa,
920 448 1007 476 cum
1034 435 1135 476 alter
1158 435 1373 490 ingenitum
1402 444 1517 487 sese,
1555 433 1667 490 geni-

112 510 202 550 t·-
224 502 334 549 sltnr·
353 504 575 559 agnoscat?

111 572 121 612 ἱ
172 598 192 606 ι,
223 572 326 614 xlv.
357 569 403 615 Si
424 571 589 628 ingeniti
612 585 694 613 vox
718 572 780 613 dei
799 571 1056 613 substantiam
1079 570 1238 612 minime
1260 571 1481 627 significat,
1513 571 1584 615 sed
1604 570 1665 613 in-

113 640 376 698 comparabile
397 640 488 682 illud
511 653 653 682 nomen
681 640 728 681 ab
751 639 930 682 humanis
950 638 1120 694 ingeniis
1145 639 1410 694 excogitatum
1442 647 1525 691 est,
1568 640 1665 682 deus

111 708 165 752 ob
183 708 299 755 ,tut-d
325 708 452 766 ipsum
482 708 646 764 ingeniti
676 715 937 751 commentum
967 708 1017 750 iis
1046 707 1111 763 qui
1136 707 1357 763 repererint
1382 707 1535 762 gratiae
1557 708 1666 750 debi-

107 782 179 820 tas
197 784 276 830 est,
307 791 397 820 eum
421 785 529 820 tanto
549 777 695 819 nomini
718 777 1020 832 respondentem
1038 775 1314 818 excellentiam
1334 775 1373 817 in
1398 775 1572 818 essentia
1592 791 1664 819 sua

111 845 381 897 &avuto-t.

223 915 310 957 XV.
335 912 383 958 Si
402 913 564 970 ingeniti
590 913 762 956 conditio
785 913 858 954 deo
880 913 1130 955 extrinsecus
1151 911 1361 968 affingitur,
1395 912 1459 968 qui
1479 913 1665 968 affingunt

110 981 166 1033 qi
179 982 255 1040 ini
285 982 349 1025 eni
378 983 574 1039 affingitur
602 981 864 1033 antecellunt,
906 996 992 1023 cum
1017 980 1279 1036 praestantius
1299 995 1412 1037 quam
1434 988 1572 1024 natura
1596 996 1664 1038 pa-

113 1050 235 1095 tint-r
251 1050 305 1095 ei
329 1064 471 1096 nonen
501 1050 730 1093 attribuant.

223 1119 328 1162 XVI.
371 1117 417 1162 Si
447 1119 620 1175 ingenita
653 1126 792 1160 natura
822 1117 1073 1174 generationi
1108 1118 1266 1159 minime
1295 1118 1424 1170 cedit,
1474 1118 1663 1160 habemus

109 1187 223 1244 qnod·
245 1187 441 1230 volumus.
488 1153 575 1230 usin
608 1186 854 1244 generationi
879 1187 1016 1239 cedat,
1057 1186 1328 1242 generationis
1348 1186 1579 1233 affectiones
1607 1188 1663 1229 di-

110 1254 228 1302 vinoe
253 1255 501 1299 auantiae
531 1255 796 1312 praestabunt.

221 1325 345 1366 xvn.
377 1322 423 1367 Si
445 1325 577 1380 genita
610 1324 768 1367 soboles
792 1331 934 1367 natura
959 1324 1010 1366 ob
1030 1330 1286 1380 generantem
1308 1323 1560 1367 immutabilis
1582 1332 1659 1376 est,

109 1392 214 1448 qud
231 1393 448 1449 hgenitum
472 1400 535 1434 est
558 1392 778 1435 substantia
795 1392 986 1448 quaedam
1011 1390 1263 1435 immutabilis
1284 1399 1362 1445 est,
1396 1407 1475 1435 non
1498 1394 1662 1437 arbitrio

108 1466 179 1503 nt
201 1461 404 1504 voluntate
425 1461 653 1516 cuiusquam
668 1493 680 1512 ,
712 1462 781 1502 sed
803 1461 921 1503 insita
944 1460 1107 1516 quadam
1130 1460 1371 1502 substantiae
1397 1461 1602 1517 dignitate.

219 1530 363 1572 xvtu.
393 1527 439 1572 Si
463 1529 627 1586 ingeniti
654 1544 732 1571 vox
759 1529 1018 1571 substantiam
1048 1528 1258 1585 exprimit,
1290 1530 1432 1572 merito
1461 1530 1510 1572 ab
1539 1531 1663 1586 geniti

108 1596 328 1640 substantia
372 1598 479 1640 velut
523 1598 736 1639 membrum
769 1597 974 1639 divisionis
1008 1598 1227 1653 oppositum
1262 1597 1515 1640 discernitur.
1588 1596 1661 1640 Sin

104 1673 238 1710 nutu
260 1665 534 1710 nihilomnino
557 1666 788 1709 vocabulum
814 1667 906 1709 illud
935 1667 1096 1721 ingeniti
1124 1667 1345 1722 significat,
1383 1667 1505 1709 multo
1530 1667 1659 1709 minus

104 1733 228 1791 geniti
249 1749 331 1778 vox
350 1734 494 1791 aliquid
518 1735 717 1792 exprimit.
751 1733 859 1777 Nihil
883 1742 1014 1776 autem
1035 1735 1230 1790 quomodo
1251 1735 1372 1777 nihilo
1397 1736 1437 1778 in
1464 1736 1658 1778 divisione

105 1802 383 1860 respondebit?

144 1898 153 1908 -
217 1873 323 1915 xlx.
362 1869 478 1927 Quod
507 1872 541 1915 si
573 1872 657 1929 ipsa
694 1871 860 1928 ingeniti
893 1872 1158 1928 pronuntiatio
1193 1873 1500 1929 pronuntiationi
1534 1873 1659 1928 geniti

106 1940 338 1997 opponitur,
388 1954 476 1983 cum
506 1942 720 1983 secuudum
755 1941 1108 1997 pronuntiationem
1145 1940 1342 1983 silentium
1378 1941 1656 1998 subsequatur,

106 2005 423 2054 ebriati-norum
455 2022 546 2065 spes
576 2010 691 2051 modo
725 2009 898 2062 existet,
938 2009 1053 2051 modo
1087 2023 1177 2052 esse
1209 2010 1384 2061 desinet,
1432 2009 1471 2052 in
1503 2009 1660 2052 diversa

104 2076 424 2134 pronuntiatione
445 2076 595 2132 posita,
629 2078 768 2119 nonin
795 2077 967 2130 naturis,
1001 2092 1101 2134 quae
1132 2078 1184 2120 ita
1211 2092 1302 2121 sese
1332 2078 1501 2121 habeant
1525 2092 1659 2134 quem-

105 2146 311 2188 admodum
342 2145 540 2187 nominum
571 2145 655 2201 ipsa
685 2146 920 2201 significatio
950 2146 1138 2189 declarat.

216 2215 305 2257 XX.
335 2211 381 2257 Si
406 2213 620 2268 ingenitum
648 2213 741 2256 nihil
765 2214 813 2256 ad
843 2215 1085 2257 substantiae
1111 2216 1336 2272 dignitatem
1371 2215 1536 2271 amplius
1564 2230 1657 2256 con-

104 2282 182 2326 ἴση
219 2294 336 2339 quam
381 2282 581 2337 genitum,
637 2282 736 2324 lilius
769 2282 853 2325 sola
887 2283 1066 2326 vocabuli
1099 2284 1418 2340 pronuntiatione
1450 2290 1657 2340 superatus

105 2350 415 2408 praemntiores
437 2364 528 2392 sese
550 2350 791 2406 appellantes
816 2350 922 2407 ipsos
947 2360 1162 2408 agnoscet,
1207 2368 1285 2395 non
1315 2367 1402 2395 eum
1440 2351 1504 2408 qui
1536 2352 1655 2408 ipsius

103 2419 203 2463 dens
231 2418 448 2476 appellatur
476 2426 516 2460 et
547 2425 671 2474 pater.

217 2488 322 2531 xxt.
341 2485 388 2529 Si
410 2487 582 2542 ingenita
606 2486 824 2528 substantia
843 2489 1090 2542 generationi
1113 2496 1302 2544 praestat,
1328 2489 1482 2530 insitam
1504 2487 1544 2530 in
1565 2501 1657 2530 sese

105 2554 253 2598 babens
286 2555 582 2606 excellentiam,
615 2562 751 2611 suapte
777 2561 913 2596 natura
935 2555 1107 2611 ingenita
1131 2564 1192 2598 est
1216 2557 1450 2598 substantia.
1513 2555 1655 2613 Neque

104 2623 208 2665 enim
238 2624 300 2665 cui
333 2623 481 2666 libitum
512 2631 574 2665 est
601 2639 670 2680 pro
699 2637 747 2663 eo
774 2624 873 2675 quod
905 2623 1052 2666 libitum
1078 2633 1139 2666 est
1167 2626 1411 2680 generationi
1437 2625 1653 2677 antecellit,

104 2692 174 2734 sed
197 2692 298 2748 quod
324 2692 375 2734 ita
398 2699 535 2734 natura
561 2698 805 2748 comparatus
828 2698 903 2731 est.
967 2690 1102 2747 Quare
1134 2707 1220 2734 cum
1257 2696 1351 2734 «lens
1378 2708 1447 2750 per
1477 2707 1568 2735 sese
1594 2693 1653 2736 in—

149 2804 204 2840 37.
220 2818 251 2840 υ.
244 2803 390 2851 ὀφορᾶν
408 2808 521 2839 vitium
539 2810 582 2839 est
603 2807 651 2839 ed.
670 2807 775 2838 petav.
795 2807 853 2838 Co·
945 2803 998 2840 40.
1023 2805 1181 2861 γεννητόν
1205 2808 1301 2848 infra.

103 2852 164 2885 tm
186 2855 281 2893 repet.
945 2849 999 2884 41.
1022 2864 1045 2893 η
1072 2862 1131 2884 om.
1156 2853 1225 2885 cod.
1250 2853 1381 2895 Rbedia.

148 2895 203 2932 38.
227 2893 383 2952 διαφόρῳ
406 2899 491 2931 abest
514 2899 611 2938 unsre.
946 2895 997 2928 4¹.)
1024 2898 1070 2930 na
1095 2900 1125 2929 in
1128 2898 1190 2938 sm.
1240 2899 1336 2941 vulpe
1363 2901 1448 2933 exeat
1470 2895 1567 2943 aurei,
1592 2896 1651 2935 ου’-

148 2939 204 2976 39.
227 2939 246 2977 ὁ
267 2945 375 2976 vitiose
396 2947 476 2976 ent·
465 2945 498 2976 in
530 2944 576 2976 ed.
607 2944 681 2977 Petu
663 2952 714 2975 a.v
751 2943 854 2975 Coton.
902 2941 969 2976 σία.

102 2990 196 3028 reul-
