2020 3276
366 230 547 265 rmann
571 231 653 264 me.
674 231 732 263 nt.
754 229 865 263 τοΜ.
882 230 923 262 n.
948 228 1102 262 expos,
1126 227 1211 261 1211).
1238 226 1430 261 carnot..
1590 216 1672 258 503

153 324 164 345 ³
199 330 202 331 ⁷
227 309 434 367 Diogenes
458 308 659 368 Cynicus,
691 307 928 365 Sinopensis
953 323 975 349 e
1001 306 1155 359 Ponto,
1190 306 1419 349 Antistheni
1445 305 1672 360 diligentem

114 392 275 437 operam
296 379 417 421 dedit.
480 377 632 421 Bonum
657 378 823 434 sapienti
847 376 1005 418 cuilibet
1024 390 1115 418 esse
1139 375 1361 427 tolerabile,
1395 381 1526 416 cetera
1549 388 1672 430 nuga-

116 448 175 491 eia
207 454 248 490 et
277 447 407 491 inania
440 446 722 504 pronuntiavit.

175 543 182 549 ι
228 513 375 559 Cretes
413 516 566 559 Thebis
611 516 650 557 in
683 513 850 557 Boeotia
882 513 1097 564 oriundus,
1145 520 1255 555 secta
1287 510 1489 569 Cynicus,
1538 525 1671 555 rerum

111 584 491 641 *onnia-‘inopiam
522 598 657 626 veram
689 596 779 626 esse
811 582 1030 624 libertatem
1063 582 1285 623 affirmavit.

228 652 462 696 Arcesilaus
484 653 611 695 solum
636 652 749 694 deum
780 651 988 694 veritatem
1024 650 1208 705 assequi,
1254 650 1452 692 hominum
1480 663 1579 691 vero
1604 663 1673 692 ne-

112 721 260 765 minen
289 721 481 764 decrevit.

229 787 461 834 Carneades
497 789 707 832 Arcesilan
738 787 776 830 iu
809 787 990 830 omnihus
1021 800 1211 828 assensus
1241 793 1320 827 est.

189 883 192 886 ⁴
228 857 492 911 Aristoteles,
525 857 758 900 Nicomachi
792 857 919 908 lilius,
953 863 996 899 ut
1025 854 1223 896 nonnullis
1248 854 1399 910 placet,
1430 853 1602 896 Macedo
1626 869 1672 897 ac

114 925 287 984 Stagiris
313 928 525 979 oriundus,
559 941 790 983 quamquam
816 925 880 967 alii
902 924 1101 966 Thracem
1126 923 1248 965 fuisse
1273 923 1432 975 malint,
1467 926 1543 966 duo
1566 924 1673 980 prin-

112 994 216 1053 cipia
245 995 477 1048 coustituit,
518 996 633 1038 deum
656 1010 702 1036 ac
728 994 948 1036 materiam.
1011 990 1126 1047 Quae
1156 1005 1275 1048 supra
1302 991 1431 1034 lunam
1457 999 1572 1045 sunt,
1616 993 1673 1034 di-

112 1063 205 1108 viua
225 1064 470 1123 providentia
494 1064 730 1121 gubernari,
764 1062 954 1104 inferiora
977 1061 1082 1103 nulla
1105 1061 1190 1117 regi
1213 1059 1488 1117 providentia,
1519 1062 1589 1103 sed
1615 1070 1673 1104 te-

110 1146 224 1178 nero
245 1146 294 1175 tte
313 1132 400 1175 sine
427 1133 579 1175 ratione
605 1132 688 1174 lieri
722 1131 887 1188 putavit.
951 1128 1050 1172 ltem
1074 1130 1172 1172 duos
1197 1143 1287 1170 esse
1319 1131 1510 1182 mundos,
1555 1144 1672 1187 supe-

111 1200 260 1243 riorem
282 1209 324 1243 et
344 1202 541 1253 infimum3
573 1201 680 1242 illum
705 1201 973 1256 incorruptum
999 1213 1113 1249 esse,
1147 1197 1346 1254 corrumpi
1369 1212 1467 1240 vero
1487 1199 1669 1240 alterum.

108 1266 323 1312 Peuma
356 1270 523 1312 animam
561 1268 795 1322 ἐνδελέχειαν
824 1282 941 1319 esse,
988 1267 1062 1309 hoc
1092 1273 1152 1308 est
1187 1266 1416 1308 continuam
1456 1267 1670 1310 motionem

110 1352 158 1381 ae
189 1352 418 1396 perennem.

196 1408 197 1413 ’
225 1405 526 1464 Theophrastus
558 1406 724 1448 Eresins
755 1405 1013 1447 Aristotelem
1046 1404 1207 1446 omnino
1237 1411 1398 1446 secutus
1429 1410 1505 1446 est..

227 1473 364 1518 Strato
394 1474 690 1532 Lampsacenus
728 1488 907 1516 caussam
939 1473 1110 1515 omnium
1147 1486 1279 1514 rerum
1321 1471 1474 1514 calidae
1506 1479 1671 1515 naturae

112 1542 325 1596 tribuebat,
347 1544 521 1587 infinitas
538 1558 628 1586 esse
647 1543 778 1585 muudi
802 1550 959 1599 partes3
992 1555 1120 1597 neque
1140 1541 1283 1583 animal
1303 1555 1394 1583 esse
1413 1555 1538 1597 capax
1556 1556 1672 1584 omne

108 1614 282 1657 dicebat.

224 1679 503 1738 Praxiphanes
533 1679 713 1722 Rhodius
745 1680 881 1721 eadem
914 1694 961 1720 ac
990 1678 1292 1735 Theophrastus
1322 1678 1546 1720 asserebat.

222 1747 428 1793 Critolaus
457 1747 658 1791 Phaselita
691 1749 949 1791 Aristotelem
982 1755 1143 1789 secutus
1173 1755 1251 1788 est.

156 1847 157 1850 =
226 1817 342 1862 zeno
363 1815 556 1860 Citiensis
581 1815 743 1860 Stoicus
764 1817 906 1872 templa
928 1817 1002 1858 diis
1029 1816 1184 1859 exstrui
1211 1815 1383 1857 nolebat.
1437 1813 1592 1871 Quippe
1614 1814 1672 1857 di-

111 1886 247 1933 fiam
281 1901 425 1929 numen
458 1886 543 1928 sola
573 1893 705 1928 mento
737 1886 1040 1936 continendum,
1083 1885 1170 1926 sive
1202 1884 1330 1940 potius
1358 1883 1574 1926 hahendam
1600 1898 1670 1940 pro

111 1954 188 1998 deo
213 1961 382 1998 mntem
408 1954 555 2011 ipsam3
600 1962 733 2011 utpote
758 1969 855 2011 quae
878 1955 930 1996 sit
955 1953 1203 1996 immortalis.
1262 1951 1449 1995 Mortuos
1483 1952 1578 1995 l'eris
1602 1953 1671 1994 ob-

111 2021 332 2075 finiendos,
374 2030 443 2066 aut
477 2022 557 2079 igni
592 2024 919 2066 concremandos.
982 2020 1136 2064 Pueros
1162 2022 1202 2063 iu
1227 2022 1428 2064 amoribus
1449 2036 1496 2063 ac
1517 2020 1670 2063 deliciis

114 2091 261 2134 babere
285 2091 550 2148 permittebat.
614 2090 717 2134 ldem
751 2091 948 2134 moderari
981 2105 1027 2133 ac
1052 2104 1194 2146 regere
1217 2090 1350 2132 omnia
1373 2091 1487 2132 deum
1513 2104 1672 2132 assere-

112 2160 195 2202 bat.
272 2158 422 2202 Rerum
457 2174 621 2202 caussas
656 2159 793 2216 partim
833 2160 872 2201 in
913 2166 1048 2201 nostra
1080 2166 1274 2215 potestate
1307 2159 1481 2216 positas,
1528 2158 1669 2215 partim

113 2235 228 2271 extra
253 2242 325 2270 nos
346 2227 467 2279 sitas3
501 2228 574 2269 boc
606 2235 667 2269 est
691 2242 821 2270 rerum
845 2228 942 2270 alias
967 2227 1064 2270 iuris
1086 2242 1178 2270 esse
1206 2229 1354 2277 nostri,
1401 2228 1497 2270 alias
1523 2241 1669 2283 nequa-

111 2311 227 2353 quam
258 2310 351 2338 esse
384 2296 608 2338 deliniebat.
670 2297 733 2337 Ad
768 2297 863 2337 haec
886 2296 1054 2338 animam
1084 2310 1107 2338 a
1129 2311 1294 2352 corpore
1329 2297 1509 2351 seiungi,
1552 2309 1668 2351 quam

112 2374 151 2408 et
172 2365 396 2408 diuturnum
420 2365 600 2421 spiritum
622 2364 865 2420 appellabat,
897 2365 967 2406 sed
989 2378 1067 2406 nou
1089 2379 1251 2422 prorsus
1271 2365 1537 2421 incorruptam
1558 2377 1667 2416 esse,

112 2434 290 2490 adeoque
334 2433 517 2490 paulatim
560 2432 748 2488 temporis
789 2432 1072 2489 longinquitate
1114 2433 1319 2485 consumi,
1366 2433 1475 2475 etin
1508 2431 1668 2474 nibilum

113 2502 255 2559 redigi.

227 2568 444 2614 Cleanthes
472 2583 665 2611 summum
691 2569 858 2621 honum,
905 2576 946 2611 et
965 2570 1173 2612 honestum
1198 2570 1418 2626 voluptates
1452 2582 1542 2610 esse
1565 2568 1671 2611 dioe-

107 2637 195 2682 ’δεμ
242 2638 451 2682 nominem
475 2638 599 2679 solam
621 2637 840 2694 appellabat
859 2637 1043 2679 animam.
1098 2636 1209 2680 Deos
1230 2639 1417 2695 mysticas
1440 2651 1532 2679 esse
1553 2651 1671 2693 quas-

115 2707 202 2750 dam
228 2708 398 2763 ligur-as,
441 2720 635 2762 sacraque
670 2705 843 2747 nomina.
908 2703 1042 2761 ltaque
1071 2706 1194 2748 solem
1229 2705 1469 2758 daducbum,
1512 2705 1585 2748 hoc
1610 2714 1670 2749 est

165 2796 213 2832 Η.
239 2797 377 2843 κητιεύς
399 2799 489 2831 codd.
515 2808 590 2830 mss.
614 2801 642 2830 et
665 2798 713 2830 ed.
737 2799 838 2838 pn'nc.
918 2807 1019 2840 pore,
1044 2802 1079 2829 et
1097 2796 1237 2830 voc-bat
1257 2800 1324 2830 cett.
1372 2798 1514 2830 ronam
1535 2798 1671 2831 scriben-

166 2844 213 2877 Ιό.
238 2845 369 2887 &mets
392 2845 461 2877 cod.
487 2844 617 2885 Rhedig.
913 2843 991 2875 dum
1000 2837 1132 2885 Ἔλεγε
1150 2840 1190 2877 at
1207 2839 1291 2876 εἶναι
1310 2840 1369 2876 καὶ
1390 2840 1477 2886 gurd
1496 2841 1670 2887 χωρισμὸν

164 2887 214 2923 16.
241 2900 318 2933 ,.γρ.
336 2886 605 2934 μεταχωρισμὸν.
643 2889 763 2921 Deesse
784 2898 867 2921 nou·
914 2889 973 2922 τοῦ
998 2884 1178 2931 σώματος,
1201 2886 1260 2922 καὶ
1283 2888 1354 2922 κτλ.

114 2933 198 2968 nihil
226 2940 356 2978 puto·⁴,
391 2937 555 2968 annotavit
584 2937 617 2967 tn
645 2936 787 2974 maraine
810 2935 868 2966 Pe·
964 2933 1014 2968 17.
1051 2934 1092 2966 De
1122 2934 1170 2966 itis
1201 2934 1271 2967 vide
1302 2934 1513 2975 disputantem
1537 2934 1667 2969 Lmen.

114 2982 231 3014 motu.
291 2981 341 3022 ΟῙ.
373 2982 467 3013 cuam
501 2981 693 3013 Animadvv.
730 2981 796 3011 eius
825 2980 869 3011 ad
919 2981 950 3011 V.
990 2980 1035 3012 Cl.
1069 2979 1115 3011 ad
1146 2979 1297 3020 Autaopb.
1327 2989 1359 3020 p.
1390 2978 1436 3013 62
1460 2990 1550 3023 sqq„
1576 2984 1606 3014 st
1630 2982 1669 3014 de

116 3025 146 3058 h.
170 3027 190 3057 t.
237 3027 409 3058 Cor-nortus
439 3028 657 3067 interpretatus
691 3031 739 3055 vat
770 3028 869 3057 Aue-
918 3022 1074 3070 σχήμασι
1094 3027 1269 3067 μυστικοῖς
1289 3025 1364 3057 ἰδία.
1384 3033 1460 3067 ρας.
1483 3026 1545 3060 130
1562 3035 1628 3068 sqq.

116 3069 212 3103 rebat
233 3069 313 3103 item
335 3070 463 3104 animae
482 3070 727 3115 separationem
752 3082 770 3102 a
796 3081 868 3102 cor·
