2020 3276
429 232 609 267 mnam!
633 233 715 267 Lm.
739 233 796 266 nt.
819 233 927 267 Tou.
951 234 994 267 ll.
1018 232 1148 267 matt.
1171 231 1349 265 Lxxvn.
1574 219 1658 262 399

109 325 209 372 ”⁸
227 312 452 370 eripuerat,
494 312 680 355 comitatu
713 319 848 368 septus
882 319 970 367 post
993 313 1163 354 triduum
1188 325 1330 354 revera
1359 325 1447 352 cum
1470 323 1655 366 corpore,

109 378 266 433 nni-a,
317 381 494 437 adeoque
533 388 616 422 toto
652 381 738 437 ipso
776 380 883 422 velut
918 380 1180 422 instrumento
1207 378 1384 421 surrexit
1420 392 1445 420 a
1477 378 1655 420 mortuis.

109 444 266 497 Dein&
287 449 543 504 quadraginta
570 449 708 490 diebus
741 463 827 490 cum
852 447 1052 504 discipulis
1076 455 1258 490 versatus
1280 455 1366 500 est3
1408 446 1548 503 quibus
1569 461 1656 488 cum
1703 455 1766 483 Aet.
1786 456 1811 484 1-

109 513 381 566 insssslivarum
414 524 547 574 monte
578 531 719 559 revera
755 516 1053 567 benedixisset,
1095 517 1133 557 in
1161 517 1312 558 coelum
1342 515 1555 558 subvectus
1580 522 1657 567 est,

108 597 278 642 mque
308 584 486 642 discipuli
521 586 569 627 ad
595 585 719 628 nubes
750 599 873 640 usque
898 584 1128 626 subeuntem
1154 585 1359 636 viderunt,
1402 592 1440 626 et
1463 585 1510 627 ad
1537 585 1659 641 patris

109 651 315 704 mt-
337 666 479 696 revera
500 654 792 704 considentem,
824 667 991 709 corpore
1017 653 1125 709 ipso,
1160 653 1362 694 divinitate
1377 685 1388 705 ,
1421 667 1467 694 ac
1490 661 1570 695 tota
1591 653 1658 695 de-

107 720 228 777 nique
256 734 370 777 qnam
396 729 662 778 assumpserat
691 721 859 764 bominis
897 729 1063 774 natura3
1103 735 1180 777 quo
1204 721 1243 762 in
1269 722 1551 763 incarnationis
1574 736 1659 778 my-

106 787 233 835 mio
250 788 292 833 in
311 803 430 832 unum
450 789 579 832 omnia
597 789 695 832 etin
715 790 878 832 eandem
899 789 1113 847 spiritalem
1133 790 1412 845 perfectionem
1435 790 1656 842 coniunxit,

108 856 207 908 hm,
244 856 378 916 tuique
408 858 449 903 in
474 858 599 914 gloria
635 859 845 901 considens
876 866 917 900 et
936 859 982 900 ad
1014 858 1129 900 vivos
1153 866 1407 914 mortuosque
1431 858 1659 900 iudicandos

109 937 207 977 vm
224 925 431 983 aliqnando
453 934 661 970 venturus.
722 924 832 969 Nihil
854 926 972 982 igitur
992 926 1032 968 in
1056 926 1122 968 illo
1141 927 1339 968 diversum
1361 941 1408 968 ac
1431 927 1658 983 discrepans

109 1000 195 1048 qt,
223 993 296 1041 sod
323 995 454 1040 onnia
482 995 524 1038 in
547 996 632 1052 ipso
654 996 828 1051 perfecta
856 997 1108 1051 perfecteque
1133 1009 1296 1051 prorsus
1325 994 1542 1037 elaborata.

166 1100 169 1101 ν
221 1058 414 1114 ὃοὰωιω
440 1064 487 1105 de
516 1063 575 1106 liis
597 1063 750 1107 abunde
780 1064 970 1105 hactenus
997 1063 1126 1119 egisse
1154 1063 1380 1115 videamur,
1425 1078 1524 1120 quae
1555 1064 1658 1106 dicta
1714 1074 1807 1107 cAP.

107 1136 205 1177 sant
220 1143 311 1178 συθ
330 1131 428 1175 satis
449 1131 700 1174 arbitramur.
762 1130 877 1187 Quae
901 1146 998 1174 vero
1021 1132 1069 1174 de
1092 1131 1237 1174 ceteris
1257 1133 1481 1175 vanissimis
1503 1132 1656 1174 illorum

108 1198 356 1255 domatibus
389 1213 444 1243 ex
461 1200 627 1243 aliorum
650 1202 878 1243 narratione
903 1200 1130 1252 didicimus,
1173 1201 1404 1258 explicanda
1431 1201 1656 1243 necessario

107 1273 219 1312 sunt.
277 1263 524 1324 Quamquam
556 1269 611 1310 ita
645 1268 741 1311 baec
765 1269 814 1311 ab
842 1269 920 1311 illis
950 1268 1167 1325 praedicari
1192 1271 1362 1312 nondum
1386 1271 1547 1312 omnino
1570 1285 1658 1326 per-

107 1349 270 1381 atum
290 1335 494 1380 babemus.
553 1335 772 1393 Utcumque
799 1351 896 1380 vero
919 1351 963 1379 se
987 1352 1052 1380 res
1072 1337 1227 1391 babeat,
1252 1353 1353 1394 quae
1375 1338 1424 1381 ab
1450 1339 1536 1381 aliis
1555 1339 1657 1381 acci-

107 1403 235 1462 pimus
263 1418 344 1447 non
373 1404 653 1447 dissimulanda
682 1406 919 1462 putavimus.

221 1471 311 1516 Hoc
335 1473 439 1515 enim
464 1474 656 1516 affirmare
681 1475 858 1532 plerique
883 1490 962 1517 non
987 1475 1187 1527 dubitant,
1229 1476 1416 1531 quosdam
1439 1491 1492 1518 ex
1516 1476 1592 1518 illis
1616 1477 1654 1518 in

107 1554 156 1584 οι
176 1555 267 1586 me
284 1541 507 1594 sententia,
549 1540 720 1584 Mariam
751 1550 836 1600 post
869 1544 1013 1585 editum
1041 1541 1242 1586 Christum
1264 1559 1350 1586 cum
1377 1542 1545 1601 losepbo
1570 1546 1656 1586 viro

105 1622 181 1657 sno
217 1610 539 1653 consuetudinem
571 1610 769 1653 babuisse.
844 1610 959 1666 Quod
993 1612 1040 1653 ab
1074 1612 1151 1654 illis
1189 1614 1410 1655 asseverari
1445 1613 1656 1670 permirum

106 1676 201 1725 milti
222 1678 392 1722 videtur.
453 1677 543 1721 Nec
568 1679 710 1721 desunt
730 1679 793 1721 alii
817 1681 880 1735 qni
904 1679 944 1721 in
969 1681 1107 1722 eodem
1131 1695 1269 1723 errore
1293 1689 1526 1734 versantur,
1559 1696 1656 1738 quos

105 1745 212 1793 iuter
229 1746 502 1790 schismaticos
533 1750 825 1790 numeravimus
853 1748 892 1790 in
927 1763 973 1791 ea
996 1749 1161 1804 epistola
1183 1764 1297 1805 quam
1328 1749 1541 1792 amicorum
1567 1751 1656 1792 hor-

107 1820 195 1863 utu
210 1815 402 1859 adversm
421 1814 525 1858 illius
544 1816 736 1872 dogmatis
758 1823 945 1873 patronos
969 1817 1016 1859 ad
1038 1818 1246 1861 nonnullos
1268 1818 1306 1860 in
1328 1819 1479 1860 Arabia
1498 1819 1657 1875 scripsi·

110 1883 292 1938 anain
317 1898 393 1941 qua
416 1884 591 1941 pluribus
623 1893 759 1927 contra
793 1885 882 1928 illos
918 1886 966 1927 de
991 1885 1064 1927 hoc
1096 1894 1329 1943 argumento
1356 1887 1653 1944 disputavimus.

108 1948 212 2000 R!-
230 1965 305 1997 nos
326 1966 424 1996 vero
446 1951 652 2005 haeresin,
695 1954 909 2011 opitulante
934 1954 1031 2007 deo,
1063 1955 1276 2012 separatim
1307 1970 1355 1998 ac
1379 1970 1453 1998 sno
1474 1957 1561 1999 loco
1587 1971 1655 2013 po-

109 2027 197 2063 ntea
222 2033 502 2077 proponemus.

221 2085 304 2131 lem
328 2101 425 2131 vero
455 2089 572 2131 etiam
596 2089 669 2132 boc
692 2090 934 2147 Apollinaris
964 2106 1054 2134 esse
1076 2092 1276 2135 decretum
1302 2094 1475 2136 nonnulli
1499 2094 1653 2150 praedi-

109 2162 226 2210 cant,
266 2155 308 2199 in
340 2155 460 2213 priori
492 2158 783 2201 resurrectione
818 2161 922 2202 mille
952 2174 1024 2203 nos
1045 2175 1236 2203 annorum
1267 2162 1432 2219 spatium
1455 2162 1592 2204 iisdem
1616 2164 1654 2204 in

107 2223 215 2268 vitae
234 2223 424 2267 institutis
439 2256 452 2277 ,
484 2224 623 2280 quibus
646 2240 749 2268 nnnc
769 2227 937 2280 utimur,
982 2243 1072 2271 esse
1094 2231 1366 2282 confecturos,
1400 2239 1442 2273 ut
1465 2238 1502 2272 et
1527 2232 1653 2287 legem

108 2306 198 2336 enm
215 2292 304 2336 aliis
326 2292 584 2335 observemus
607 2294 810 2347 omnibus,
842 2303 883 2338 et
907 2296 1088 2353 quicquid
1114 2305 1176 2340 est
1199 2299 1238 2341 in
1263 2300 1429 2351 mundo,
1474 2300 1577 2355 quud
1605 2300 1652 2342 ad

108 2374 220 2405 nsum
242 2361 508 2418 quotidianum
538 2362 728 2418 pertinet,
762 2363 871 2406 velut
890 2366 1068 2421 nuptias,
1112 2367 1475 2420 circumcisionem,
1519 2382 1566 2409 ac
1589 2382 1654 2410 ce-

107 2436 193 2473 ten
216 2430 371 2482 omnia,
414 2430 703 2486 participemus.
765 2429 995 2475 Cuiusmodi
1030 2434 1077 2476 ab
1110 2434 1176 2477 illo
1209 2436 1350 2491 dogma
1380 2436 1535 2477 defendi
1563 2450 1653 2492 per—

107 2498 276 2541 suadere
299 2498 412 2540 nobis
435 2498 596 2539 omnino
627 2513 703 2540 non
729 2513 949 2555 possumus.
1012 2500 1256 2559 Quamquam
1284 2504 1389 2545 illum
1414 2511 1653 2546 assertorem

109 2578 200 2610 esse
228 2579 253 2609 a
283 2565 480 2608 nonnullis
510 2566 749 2623 accepimus.

221 2631 408 2678 Ceterum
435 2635 482 2676 dc
504 2635 576 2677 boc
600 2634 819 2677 millenario
840 2643 1014 2693 tempore
1034 2638 1202 2691 alieubi,
1247 2640 1321 2682 boc
1341 2648 1403 2682 est
1427 2641 1466 2682 in
1492 2639 1653 2684 loannis

107 2700 375 2760 Apocalypsi,
409 2706 643 2745 mentionem
670 2704 777 2755 lieri,
817 2711 857 2746 et
878 2718 966 2747 enm
988 2705 1126 2748 librum
1147 2721 1168 2748 a
1192 2708 1387 2764 plerisque
1408 2709 1513 2750 inter
1535 2724 1653 2752 cano·

109 2770 220 2814 nicos
241 2770 380 2828 recipi,
412 2771 586 2827 religiosi
608 2772 786 2814 homines
809 2787 886 2814 non
909 2773 1106 2828 ignorant.
1170 2773 1317 2817 Verum
1339 2776 1390 2818 ita
1414 2778 1651 2833 complures,

107 2836 306 2896 iidemque¹
323 2839 374 2897 pii
398 2854 443 2882 ac
468 2840 699 2896 spiritalium
727 2854 856 2882 rernm
879 2840 1010 2897 periti,
1043 2842 1082 2883 in
1107 2842 1211 2885 illius
1233 2844 1401 2887 lectione
1425 2854 1650 2900 versantur,

108 2912 152 2949 ut
181 2921 281 2963 qnae
316 2908 356 2950 in
389 2908 474 2965 ipso
504 2908 716 2965 spiritalem
752 2923 911 2951 sensum
939 2909 1138 2952 continent
1165 2911 1423 2968 accipientes,
1468 2928 1563 2957 vera
1586 2915 1652 2958 illa

109 2974 286 3031 quidem,
329 2976 398 3019 sed
431 2977 560 3019 altiori
583 2979 744 3034 quadam
771 2978 1024 3034 intelligentia
1050 2978 1246 3035 explicata
1273 2981 1482 3025 fateantur.
1544 2982 1648 3027 Nam

1671 1120 1850 1153 xxxvu.
1928 1119 1935 1127 ’
