2020 3276
469 168 653 203 rmum
675 167 762 202 Lm.
780 167 840 202 m.
865 167 976 202 ΤοΜ.
996 168 1023 201 1.
1049 166 1184 201 nana.
1207 165 1368 199 Lxxw.
1606 155 1689 196 257

141 251 296 311 qia·-
323 250 375 293 ad
407 255 586 292 naturam
618 249 781 300 attinet,
822 261 901 289 non
933 247 1097 303 amplius
1121 252 1301 303 generat.
1362 242 1418 287 Ut
1442 257 1496 287 ex
1516 257 1565 286 eo
1588 243 1692 300 quod

141 316 238 365 a
256 318 342 377 ipae
361 324 502 361 natura
524 316 819 372 substantiaque
837 316 988 372 gignat,
1022 322 1133 370 pater
1154 329 1252 356 vero
1273 328 1296 355 a
1317 313 1424 355 nullo
1446 313 1499 355 sit
1516 312 1690 368 genitus,

140 386 298 434 ‘abac
319 385 582 444 amplitudinis
603 385 728 442 gloria
751 384 791 427 in
812 399 889 427 una
911 398 959 426 ac
980 383 1170 439 singulari
1194 383 1255 424 dei
1276 381 1466 438 dignitate
1490 388 1690 432 servetur,

139 456 263 516 phin
298 454 482 499 videlieet
516 454 706 511 perfecti,
752 452 917 510 perfecti
946 452 1035 503 lilii,
1077 466 1123 493 ac
1157 451 1319 508 perfecti
1353 450 1515 506 spiritus
1547 449 1690 492 sancti.

141 520 256 581 Quae
286 538 377 567 eam
406 523 462 566 ita
499 522 603 575 sint,
645 523 728 579 ipsa
762 520 1111 564 consubstantialis
1147 520 1247 561 ratio
1283 519 1381 560 falsa
1403 532 1455 560 ex
1488 518 1695 575 scripturis

82 608 89 619 “
140 593 297 638 utendi
318 592 479 635 minime
496 598 647 648 potest,
693 604 820 648 neque
849 591 910 647 pia
934 604 980 632 ac
1010 587 1196 645 religiosa
1225 601 1335 629 mens
1359 586 1566 643 repudiare
1589 586 1699 628 velut

141 654 349 705 confictam
368 667 514 719 potest,
546 660 648 716 quod
671 659 719 702 de
744 667 854 716 patre
873 673 919 701 ac
943 658 1022 700 filio
1041 663 1256 712 sanctoque
1275 655 1414 712 spiritu
1436 655 1498 712 pie
1520 655 1699 697 instituta

142 729 286 783 fuerit,
327 730 569 784 eandemque
599 728 801 771 celebrare
826 734 867 770 et
889 727 1057 769 adorare
1087 739 1205 782 posse
1235 724 1450 766 trinitatem
1482 723 1616 766 divino
1646 723 1699 765 sit

146 797 342 844 beneficio
371 804 602 841 consecuta.

256 867 366 911 Aetii
402 863 530 923 Caput
558 863 659 908 Xll.
736 863 780 907 Si
818 863 985 921 ingeniti
1026 877 1104 905 vox
1144 861 1207 904 dei
1238 860 1497 904 substantiam
1539 860 1698 902 minime

142 935 362 994 fignificat,
393 935 463 978 aed
487 933 790 990 incomparabile
815 933 918 975 istud
943 946 1086 974 nomen
1110 931 1159 973 ab
1183 930 1360 972 humanis
1384 929 1555 986 ingeniis
1578 943 1700 972 exco-

143 1005 306 1062 §htu-
326 1011 411 1056 est,
442 1004 540 1046 deus
560 1003 610 1045 ob
635 1002 729 1044 illud
751 1002 878 1058 ipsum
903 1000 1066 1058 ingeniti
1093 1006 1355 1042 commentum
1383 998 1431 1040 iis
1453 999 1517 1054 qui
1541 1012 1701 1054 repere-

145 1073 226 1117 rint
244 1072 398 1130 gratiae
417 1071 572 1114 debitor
589 1078 667 1123 est,
694 1084 782 1112 cum
804 1077 914 1112 tanto
930 1068 1079 1112 nomini
1100 1068 1403 1125 respondentem
1425 1068 1703 1110 excellentiam

146 1139 190 1184 iu
218 1139 394 1184 essentia
424 1154 496 1182 sua
527 1153 606 1181 non
636 1138 792 1181 babeat.

262 1205 428 1252 contat.
460 1205 561 1250 Xll.
636 1205 804 1263 lug-eniti
842 1221 946 1260 vox,
993 1212 1035 1248 ut
1071 1206 1264 1248 adversus
1302 1205 1463 1247 Aetium
1500 1204 1704 1246 contendi-

150 1293 261 1331 mus,
304 1291 377 1320 nec
400 1276 565 1318 inficiari
588 1290 819 1333 possumus,
863 1274 1018 1317 tametsi
1041 1274 1081 1316 in
1107 1274 1232 1316 sacris
1256 1273 1382 1316 literis
1403 1273 1563 1315 minime
1589 1286 1705 1329 repe-

149 1346 297 1399 riatur,
330 1345 391 1403 pie
413 1351 542 1387 tamen
566 1351 627 1386 est
650 1344 891 1402 excogitata.
954 1341 1064 1399 Ergo
1096 1343 1312 1399 ingenitum
1349 1349 1499 1398 patrem
1535 1341 1707 1398 appella-

150 1429 238 1459 mus
258 1428 306 1457 ac
327 1414 576 1464 confitemur,
604 1413 777 1469 genitum
800 1426 897 1454 vero
921 1412 1039 1453 filium
1058 1411 1291 1462 asserimus,
1324 1417 1365 1452 et
1384 1416 1561 1451 creatum
1583 1410 1706 1452 fuisse

149 1496 356 1540 aquus.
417 1480 521 1525 Nam
558 1496 645 1524 cum
688 1481 805 1523 filium
839 1480 1014 1537 genitum
1048 1493 1140 1522 esse
1174 1478 1523 1529 constituerimus,
1565 1478 1658 1534 quin
1685 1492 1707 1519 a

152 1552 230 1596 deo
251 1558 362 1609 patre
387 1550 644 1595 substantiam
668 1550 865 1607 acceperit
896 1563 1043 1606 negare
1070 1563 1147 1590 non
1170 1560 1393 1605 possumus.
1455 1544 1559 1587 Nam
1586 1559 1707 1602 gene-

153 1620 308 1664 ratione
340 1619 466 1677 ipsum
497 1618 706 1675 produxit,
753 1632 831 1660 non
867 1618 1033 1660 creavit.
1096 1616 1158 1658 Ac
1186 1623 1226 1658 tu
1254 1629 1459 1673 perperam
1485 1621 1527 1656 et
1551 1614 1710 1671 oblique

152 1688 328 1748 genitum
349 1688 444 1731 illud
465 1695 507 1730 et
530 1686 748 1743 ingenitum
776 1686 998 1743 accipiens,
1040 1686 1276 1741 detorquere
1299 1684 1547 1740 temetipsum
1573 1683 1709 1725 studes

153 1760 303 1815 (aeque
324 1756 431 1800 enim
454 1755 660 1813 quicquam
682 1755 785 1798 alind
811 1754 974 1810 efficis),
1020 1761 1098 1796 tum
1125 1754 1173 1796 de
1199 1753 1377 1795 humanis
1401 1751 1712 1794 ratiocinationi-

154 1826 230 1870 bus
254 1833 295 1870 et
318 1832 456 1882 arguta
481 1824 772 1882 oppugnatione
794 1824 1135 1881 disputationeque
1157 1830 1222 1864 tua
1237 1854 1248 1875 ,
1290 1821 1363 1864 hoc
1386 1827 1449 1863 est
1473 1821 1521 1862 de
1545 1820 1712 1862 bumana

156 1894 348 1947 stultitia,
379 1894 583 1936 commode
605 1892 697 1935 illud
720 1907 742 1935 e
764 1892 891 1935 sacris
913 1891 1039 1934 literis
1062 1891 1252 1934 exaudire
1274 1898 1410 1948 potes:
1455 1892 1632 1944 Prompta
1653 1898 1712 1930 est
1728 1898 1806 1929 oen.
1820 1900 1884 1935 as.

159 1965 320 2006 m
336 1977 441 2004 arens
457 1965 496 2003 t'n
518 1963 617 2003 mala
634 1964 851 2015 aripennus,
885 1964 958 2002 iam
979 1963 1067 2002 inde
1085 1961 1133 2001 ab
1153 1962 1421 2001 adolescentm.
1467 1956 1557 2001 Nos
1580 1964 1710 2000 autem

162 2038 204 2075 et
221 2031 315 2075 illud
346 2037 484 2074 contra
506 2036 545 2072 te
567 2029 698 2072 dicere
722 2043 953 2086 possumus,
1000 2029 1121 2071 multo
1151 2029 1188 2070 id
1212 2028 1390 2070 increato
1421 2027 1496 2069 deo
1517 2026 1715 2083 indignius

161 2107 203 2145 et
222 2098 468 2143 indecentius
489 2111 604 2150 esse,
648 2110 787 2140 creare
821 2096 1003 2154 quiequid
1027 2104 1090 2140 est
1118 2096 1341 2149 conditum,
1384 2104 1452 2138 aut
1475 2096 1540 2152 qui
1563 2109 1585 2136 a
1611 2095 1718 2137 nullo

164 2169 293 2214 tactus
314 2174 377 2211 est
399 2168 547 2210 lacere.
610 2164 767 2208 Etenim
796 2165 855 2219 si,
898 2166 999 2222 quod
1027 2165 1168 2208 Aetius
1191 2166 1361 2218 asserit,
1408 2163 1624 2221 ingenitum
1649 2176 1718 2218 ge-

166 2250 308 2283 nerare
332 2249 575 2293 nequaquam
595 2234 724 2287 decet,
757 2247 1007 2290 consequens
1031 2241 1093 2276 est
1115 2248 1188 2276 nec
1210 2233 1427 2275 increatum
1447 2245 1585 2275 creare
1610 2231 1717 2286 quic-

167 2320 300 2365 quan,
332 2317 460 2361 neque
482 2304 546 2360 qui
568 2317 590 2346 a
611 2302 717 2345 nullo
736 2303 860 2344 sactus
881 2309 958 2354 est,
990 2316 1089 2359 quae
1110 2309 1222 2344 erant
1242 2301 1446 2344 condenda
1467 2311 1717 2357 procreasse.

163 2372 371 2432 Quocirca
395 2386 482 2415 cum
503 2378 660 2414 creatae
682 2383 748 2412 res
768 2369 894 2412 oculis
918 2370 1198 2423 subiiciantur,
1241 2384 1287 2412 ac
1309 2370 1410 2411 bona
1438 2382 1530 2425 pars
1554 2374 1719 2409 naturae

170 2441 423 2487 subsistentis
444 2446 647 2498 appareat,
680 2452 753 2481 nec
775 2438 867 2481 illud
890 2438 1042 2491 deceat,
1075 2438 1274 2480 increatus
1301 2444 1341 2479 ut
1364 2437 1467 2479 illam
1490 2436 1587 2477 deus
1611 2447 1723 2476 crea-

167 2511 301 2564 verit,
342 2524 393 2553 ne
412 2509 446 2552 si
467 2507 772 2565 incomparabile
794 2506 886 2548 illud
907 2506 955 2548 ad
977 2520 1113 2549 eorum
1135 2519 1234 2563 quae
1259 2507 1361 2548 facta
1387 2510 1479 2547 sunt
1500 2502 1724 2545 mutabilem

174 2579 439 2624 conditionem
469 2577 699 2628 obiiciatur,
743 2589 820 2617 nou
848 2574 963 2616 modo
993 2589 1070 2616 non
1101 2574 1286 2616 decorum
1315 2573 1389 2624 sit,
1433 2571 1502 2614 sed
1528 2584 1581 2612 ex
1603 2569 1726 2627 ipsius

177 2648 284 2692 Aelii
312 2646 509 2691 sententia
536 2645 600 2687 vel
630 2644 802 2687 maxime
825 2642 1034 2695 dedeceat,
1077 2655 1126 2685 eo
1151 2655 1216 2684 res
1238 2642 1392 2683 tandem
1414 2639 1644 2691 adducitur,
1685 2645 1730 2681 ut

179 2717 280 2762 alter
298 2717 396 2760 deus
419 2716 641 2765 increatus,
684 2713 785 2755 alter
806 2717 986 2761 creatus,
1030 2710 1094 2765 qui
1120 2709 1167 2751 ad
1190 2710 1250 2751 sui
1275 2707 1565 2750 similitudinem
1589 2719 1727 2749 creare

181 2792 313 2828 cetera
337 2783 483 2842 possit,
524 2781 771 2839 quaerendus
795 2778 934 2821 merito
958 2778 1154 2819 videatur.
1218 2775 1299 2819 lam
1323 2790 1421 2818 vero
1445 2790 1532 2818 cum
1560 2774 1622 2817 hic
1646 2774 1730 2832 ipse

182 2861 340 2896 creatus
371 2852 468 2895 deus
490 2859 531 2893 et
562 2850 720 2893 creandi
745 2853 937 2905 potestate
967 2845 1165 2903 praeditus
1191 2859 1214 2887 a
1244 2858 1288 2887 se
1311 2844 1398 2901 ipso
1426 2857 1504 2886 nou
1532 2842 1729 2894 extiterit,

185 2921 255 2964 sed
273 2927 431 2964 creatus
451 2926 641 2977 ponatur,
683 2915 929 2975 quaerendus
962 2914 1103 2956 iterum
1135 2913 1236 2955 alter
1265 2912 1331 2954 ille
1357 2911 1475 2954 fuerit
1500 2925 1524 2954 a
1545 2926 1622 2969 quo
1647 2918 1733 2954 tan·

188 3003 302 3046 quam
325 3003 349 3032 a
375 2988 566 3046 principio
596 2986 796 3044 profectus
822 2983 896 3036 sit,
939 2982 1079 3026 deinde
1100 2981 1216 3024 etiam
1237 2981 1337 3024 alius
1359 2987 1446 3039 post
1462 2980 1590 3038 ipsum
1612 2994 1733 3023 exco-

257 3068 377 3105 oerpua
394 3065 572 3095 naara-aot.
587 3063 626 3093 u.
642 3065 670 3093 8.
1412 3065 1462 3105 17
