2020 3276
435 238 615 274 Pmoun
639 239 723 272 ms.
742 239 800 273 ¹11.
823 239 935 274 Tou.
950 240 992 273 ΙΙ.
1015 239 1148 274 RAER.
1174 239 1325 273 Lxxx.
1576 230 1657 272 473

113 319 260 374 uitiis,
300 318 588 372 oblationibus,
630 333 676 360 ac
700 319 862 375 reliquis
889 319 924 360 id
946 332 1089 375 genus.
1151 317 1266 374 Quae
1290 333 1378 361 cum
1398 319 1437 361 in
1463 325 1658 375 potestate

111 398 186 437 ua
217 387 412 440 babeant,
457 387 598 444 quibus
629 387 890 444 regendorum
921 401 944 428 a
979 388 1054 428 deo
1085 387 1313 444 populorum
1349 395 1410 430 est
1448 387 1657 430 commissa

112 456 339 516 mvi-cia,
379 455 518 499 borum
550 462 680 500 tamen
702 455 792 498 usui
823 455 937 512 plene
964 456 1197 512 penitusque
1220 470 1298 497 non
1326 456 1553 512 indulgent,
1595 455 1663 512 qui

110 525 189 572 dae
216 524 393 583 perfecte
423 524 578 581 placere
607 538 652 566 se
680 524 785 566 velle
815 524 1063 581 profitentur.

226 590 290 637 llli
311 591 416 636 enim
439 593 594 635 tametsi
619 606 643 636 c
666 593 915 635 sacerdotum
940 606 1104 634 numero
1127 592 1228 643 sint,
1261 594 1308 634 ad
1337 593 1573 636 sanctissimi
1596 591 1657 635 sui
1682 593 1764 638 Cap.
1784 593 1841 626 W·

110 661 327 711 nou-du·
350 662 464 704 deum
490 660 530 702 in
556 658 718 704 Christo
749 661 872 718 patris
897 660 1152 703 imitationem
1185 659 1367 716 (Paulum
1395 661 1661 719 apostolorum

110 730 335 787 intelligo),
367 744 446 772 non
471 743 608 772 omnes
629 730 808 787 quidem,
841 729 910 771 sed
934 729 1107 786 plerique
1133 736 1263 772 tamen
1289 731 1336 771 ad
1359 737 1579 786 susceptam
1603 730 1662 772 di-

110 798 194 842 vini
227 798 340 842 verbi
372 797 706 855 praedicationem
745 805 952 840 externam
997 811 1182 840 manuum
1223 812 1383 855 operam
1422 799 1658 855 adiungunt,

111 881 385 925 qua-cunque
414 869 568 911 demum
599 875 725 910 artem
748 867 878 924 adepti
910 867 1011 919 sint,
1058 880 1158 922 quae
1193 880 1267 908 nec
1297 881 1319 908 e
1347 867 1536 924 dignitate
1568 881 1659 920 sua,

111 949 189 980 aec
206 935 258 979 ab
274 937 471 980 ccclesiae
496 950 590 978 cura
614 950 728 992 quam
751 942 979 993 perpetuam
1004 942 1172 990 gerunt,
1215 935 1449 986 abhorreat,
1492 943 1535 977 nt
1555 936 1661 992 ipso-

110 1017 200 1049 η·
238 1006 506 1057 couscientia,
549 1012 708 1062 praeter
745 1004 852 1046 illum
887 1003 1009 1045 divini
1044 1003 1154 1046 verbi
1185 1003 1433 1061 praedicandi
1470 1004 1659 1058 laborem,

109 1070 356 1132 propriarum
377 1088 562 1117 manuum
585 1074 752 1116 fructum
777 1066 935 1124 serens,
966 1086 1013 1114 ac
1035 1086 1123 1114 cum
1146 1072 1220 1115 sibi
1242 1073 1338 1130 ipsi,
1373 1080 1451 1115 tum
1475 1073 1662 1115 fratribus

109 1150 152 1187 et
170 1142 381 1199 egentibus
402 1141 535 1199 operis
561 1142 622 1185 sui
648 1148 852 1198 quaestum
876 1141 1132 1197 impertiens,
1163 1141 1364 1198 voluptate
1387 1142 1659 1198 perfundatur,

110 1211 189 1254 boc
217 1217 282 1254 cst
310 1217 390 1254 tam
422 1210 614 1268 primitias
641 1218 683 1253 et
709 1208 956 1261 oblationes,
1001 1223 1116 1265 quam
1148 1209 1250 1266 quod
1286 1224 1468 1252 manuum
1504 1224 1661 1253 suarum

113 1293 236 1337 opera
258 1278 389 1322 lucelli
410 1279 626 1336 quaesierit
645 1293 732 1321 cum
755 1278 948 1335 proximis
971 1278 1055 1320 suis
1089 1278 1191 1320 ultro
1215 1292 1287 1336 pro
1309 1278 1464 1320 ardenti
1485 1279 1526 1320 in
1546 1279 1661 1321 deum

109 1361 247 1392 anorc
274 1347 553 1391 communicet.
613 1346 735 1403 Atqui
768 1346 872 1389 nulla
904 1346 951 1388 ad
974 1346 1011 1387 id
1035 1347 1231 1402 agendum
1262 1347 1501 1390 necessitate
1533 1347 1663 1389 coacti

108 1416 358 1473 damnatique
379 1423 488 1458 sunt.
549 1413 631 1459 Sed
658 1430 746 1458 cum
766 1414 1007 1458 iustissimos
1043 1415 1144 1458 alios
1174 1415 1332 1458 labores
1358 1423 1398 1458 et
1421 1416 1662 1458 ecclesiasti·

109 1499 179 1529 cas
199 1485 482 1542 occupationes
517 1484 710 1537 babeant,
755 1491 796 1526 et
818 1497 891 1540 pro
921 1497 971 1525 eo
998 1490 1116 1540 atque
1140 1497 1306 1540 aequum
1329 1491 1393 1527 est
1417 1485 1468 1526 ali
1491 1483 1662 1527 indidem

108 1552 303 1606 debcant,
343 1552 583 1596 abundantia
615 1552 780 1608 quadam
813 1551 972 1594 virtutis
1006 1559 1047 1594 et
1069 1552 1249 1608 prolixae
1282 1553 1497 1596 voluntatis
1523 1553 1561 1595 id
1587 1553 1661 1596 sibi

109 1621 246 1666 §ueris
266 1621 487 1679 imponunt.
547 1619 706 1663 Etenim
738 1621 896 1663 divinus
918 1620 1072 1663 illorum
1094 1621 1273 1673 animus,
1314 1630 1355 1663 et
1375 1622 1414 1664 in
1437 1623 1499 1664 dei
1523 1622 1662 1664 timore

110 1688 334 1743 dabilitus,
378 1690 586 1746 infusaque
610 1704 634 1732 a
654 1689 794 1747 spiritu
816 1697 953 1731 sancto
978 1689 1143 1731 scientia
1170 1690 1391 1746 praeditus,
1432 1690 1662 1733 coelestium

110 1771 228 1816 ομι-
246 1771 346 1815 quae
370 1757 411 1800 iu
433 1757 582 1801 iustitia
605 1758 754 1815 positae
776 1765 868 1800 sunt
893 1757 1091 1800 desiderio
1110 1765 1292 1810 tenetur,
1324 1773 1422 1815 quas
1444 1773 1532 1802 cum
1550 1759 1663 1802 laude

110 1832 154 1870 et
172 1826 330 1885 gloria«,
372 1826 622 1884 egregiisque
649 1827 762 1868 factis
784 1840 807 1868 e
829 1827 973 1868 divinis
999 1826 1247 1883 dogmatibus
1272 1841 1318 1870 ac
1343 1842 1546 1871 sacrarum
1579 1829 1666 1871 lite-

111 1907 244 1941 11η-
275 1902 318 1938 et
340 1895 589 1938 oraculorum
617 1895 678 1937 dei
703 1894 982 1948 meditatione,
1027 1903 1144 1951 atque
1172 1909 1194 1937 e
1213 1894 1459 1939 Psalmorum
1493 1911 1664 1939 concen-

112 1961 284 2006 tiouibus
305 1969 347 2006 ct
367 1963 651 2006 ecclesiasticis
684 1963 970 2016 conventibus,
1017 1978 1091 2006 nec
1123 1979 1201 2006 nnn
1234 1972 1275 2007 et
1304 1965 1454 2008 sanctis
1486 1965 1661 2018 ieiuniis,

112 2030 318 2084 castitate,
361 2030 659 2088 religiosissimo
688 2032 846 2075 vivendi
873 2032 1081 2086 instituto,
1126 2046 1172 2074 ac
1192 2040 1331 2089 sponte
1352 2033 1424 2076 sibi
1446 2034 1591 2077 indicta
1613 2035 1663 2076 ob

111 2112 286 2142 amorem
317 2098 493 2142 iustitiae
526 2114 706 2142 manuum
742 2114 862 2157 opera
898 2108 1210 2157 consequuntur.
1275 2100 1349 2144 Est
1374 2110 1415 2145 et
1445 2103 1518 2145 alia
1545 2118 1664 2160 quae-

111 2168 197 2211 dam
233 2167 392 2211 vivendi
427 2168 553 2210 forma
578 2182 625 2210 ac
649 2168 881 2225 disciplina,
924 2184 998 2226 qua
1031 2170 1252 2212 istiusmodi
1288 2173 1502 2214 venerandi
1538 2173 1662 2215 nostri

112 2238 257 2280 fratres
291 2243 455 2279 utuntur
486 2236 550 2292 qui
579 2237 617 2278 in
639 2234 929 2294 Mesopotamia
964 2238 1002 2280 in
1038 2239 1314 2293 monasteriis,
1357 2255 1454 2297 quas
1478 2244 1663 2282 Mandra:

109 2305 328 2364 appellant,
362 2304 597 2347 domicilium
621 2305 808 2347 fixerunt.
870 2304 948 2361 Qui
973 2313 1011 2348 et
1032 2321 1166 2349 comas
1187 2307 1415 2350 muliebrem
1440 2309 1478 2351 in
1506 2310 1660 2351 modum

111 2374 368 2432 promittunt,
401 2380 441 2415 et
464 2372 631 2415 cilicium
659 2374 854 2430 propalam
879 2375 1080 2417 affectant.
1144 2373 1224 2418 Sed
1251 2376 1431 2418 nimirum
1457 2377 1662 2434 oportebat

109 2449 273 2487 uectae
299 2442 491 2499 virginis,
531 2456 578 2483 ac
602 2449 764 2484 nostrae
797 2442 932 2485 matris
955 2443 1150 2486 ecclesiae
1183 2443 1329 2487 liberos
1355 2458 1445 2488 esse
1469 2446 1662 2502 perhone-

109 2517 222 2565 σιω,
265 2511 421 2554 domum
453 2517 685 2561 servantes,
730 2510 908 2566 deoque,
950 2512 1015 2567 qui
1051 2511 1181 2554 abdita
1213 2514 1443 2569 occultaque
1478 2514 1588 2556 novit
1614 2528 1660 2557 ac
1700 2521 1815 2551 Muth-

109 2579 235 2638 pela-
257 2579 429 2636 praemia
458 2578 668 2636 persolvit,
703 2579 757 2620 uti
785 2578 972 2635 scriptum
997 2586 1082 2631 est,
1113 2579 1153 2622 in
1177 2579 1311 2626 abdito
1330 2582 1571 2634 servientes,
1604 2582 1661 2624 id·
1723 2558 1753 2593 ι’
1770 2558 1797 2585 ι

109 2660 187 2704 que
205 2647 375 2699 decore,
418 2654 577 2703 propter
606 2653 770 2689 exteros
794 2653 835 2688 et
861 2646 1052 2700 honeste,
1084 2648 1183 2690 adeo
1206 2657 1248 2691 ut
1270 2649 1413 2693 nullam
1435 2650 1483 2692 ab
1507 2651 1662 2694 intuen-

111 2715 215 2759 tibus
247 2716 468 2759 mercedem
500 2723 567 2758 aut
598 2714 764 2771 gratiam
802 2722 1098 2771 exspectarent.
1162 2716 1236 2760 Est
1254 2718 1358 2760 enim
1391 2718 1441 2760 ab
1467 2719 1661 2762 ecclesiae

112 2783 328 2828 catholicae
362 2792 401 2826 et
427 2784 693 2841 apostolorum
730 2783 907 2826 doctrina
940 2798 1104 2840 prorsus
1139 2786 1308 2828 alienum
1335 2786 1502 2830 cilicium
1536 2789 1660 2845 palam

109 2866 203 2911 prae
223 2866 268 2895 se
294 2854 423 2904 ferre,
466 2867 512 2895 ac
535 2866 685 2895 comam
711 2852 970 2894 summittere.
1034 2856 1102 2894 Vir
1118 2857 1237 2903 enz‘rn,
1284 2854 1407 2911 inquit
1436 2857 1652 2912 apostolus,
1698 2868 1722 2898 ι.
1742 2866 1812 2896 cor.

111 2935 251 2964 murum
280 2925 430 2963 nutv-in·
457 2936 531 2962 non
560 2922 688 2969 debet,
721 2935 804 2961 eum
834 2923 959 2974 imago
987 2924 1052 2962 dei
1076 2925 1128 2963 st'e
1156 2930 1195 2963 ee
1217 2926 1362 2976 gloria.
1707 2903 1751 2938 η’
1770 2903 1813 2933 ¹⁴⁰

111 3032 336 3079 ζει-τιμωμένη
357 3036 506 3069 librorum
527 3039 571 3069 est
593 3038 760 3077 scripturo.
807 3033 862 3069 ἐκ·
907 3037 974 3069 rius
999 3037 1103 3079 (verm
1132 3039 1215 3071 enini
1244 3048 1340 3073 coma
1364 3039 1515 3084 extenta)
1543 3044 1572 3075 et
1591 3045 1661 3083 pou

109 3079 281 3126 τανομίνη
309 3082 539 3115 reso-ioman·
565 3082 719 3115 iudicavit
745 3081 863 3114 Comu-
909 3090 979 3116 eum
1003 3082 1163 3117 Petaurus.
