2020 3276
503 169 683 205 rmum
707 169 791 202 Lm.
810 168 868 202 ιιι.
889 168 998 203 τοΜ.
1018 169 1044 202 1.
1068 167 1201 202 naen.
1222 167 1385 201 Lxxw.
1641 156 1718 197 143

169 259 346 300 m
367 263 459 295 csse
482 249 546 293 dei
567 250 710 301 lilium,
756 263 802 291 ac
826 255 999 290 creatum
1022 248 1199 302 spiritum
1224 254 1429 299 sanetum,
1471 258 1519 286 ac
1542 243 1603 285 dei
1628 243 1720 285 sub-

166 320 313 365 mua
349 318 519 362 alienum
557 317 709 375 publice
749 315 977 373 praedicare
1019 330 1098 356 non
1138 315 1328 357 dubitent.
1400 312 1506 356 Nam
1538 313 1640 369 quod
1671 312 1719 354 ad

169 386 397 433 &sexium
419 387 574 437 attinet,
607 399 628 427 a
648 399 726 441 quo
743 374 919 439 tempore
941 382 1140 438 Georgius
1165 383 1432 425 Alexandriae
1454 380 1720 438 turpissimum

171 457 276 501 vitas
297 456 448 500 exitum
470 454 635 496 sortitus
660 461 744 506 est,
775 466 863 495 cum
885 451 1097 509 principem
1124 451 1235 492 facile
1259 451 1386 492 locum
1415 448 1608 502 obtinuit,
1641 456 1720 490 tum

170 525 272 583 qud
299 538 372 567 eos
401 536 523 580 penes
550 536 650 578 quos
681 536 872 563 summurn
905 519 1108 577 imperium
1138 525 1222 571 est,
1264 519 1390 574 gratia
1423 526 1461 560 et
1488 518 1723 559 auctoritate

171 591 323 637 Ιοιτιίι.
381 590 590 634 Eudoxias
626 590 747 647 igitur
781 604 834 631 ex
865 587 1026 646 Hypatii
1058 596 1098 630 et
1129 586 1314 629 Eunomii
1344 601 1491 643 grege,
1535 595 1578 629 ut
1610 601 1655 629 se
1675 588 1723 628 ad

173 665 329 719 tenpus
358 659 651 711 accommodet,
695 659 901 701 convictus
933 656 1165 714 praesertim
1195 670 1241 697 ac
1279 655 1567 710 reprehensus,
1613 655 1724 697 Auo-

173 739 378 774 moeorum
398 728 580 783 dogmata
604 726 872 779 nibilominus,
905 726 974 767 sed
991 724 1143 766 occulte
1167 739 1213 766 ac
1232 724 1524 766 dissimulanter
1545 723 1721 766 retinuit.

174 796 282 842 'l'um
304 810 404 854 quos
426 796 477 838 ob
504 795 734 838 altissimam
759 795 862 838 illam
888 793 1099 850 impietatis
1122 792 1352 848 voraginem
1384 792 1594 848 aliquando
1623 793 1726 835 rele-

173 872 389 924 cturum,
433 864 482 906 ad
514 864 726 921 potentiam
755 863 917 916 evexit,
959 861 1234 918 Demophilum
1265 861 1446 917 inquam,
1492 859 1722 918 Hypatium,

176 932 414 979 Banu-niun
435 933 541 976 illius
561 933 670 975 Aeni
691 932 928 989 discipulos,
962 930 1026 987 qui
1049 944 1073 972 a
1097 928 1274 986 Georgio
1295 928 1571 971 Alexandrino
1595 930 1726 972 diaco-

176 1016 253 1047 nus
285 1001 488 1044 ordinatus
515 1002 555 1043 in
580 999 718 1043 Tauro
750 1000 967 1042 subiectam
994 998 1196 1055 regionem
1223 998 1451 1055 deportatus
1479 1006 1562 1051 est,
1604 1012 1628 1040 a
1650 1012 1725 1054 quo

178 1070 475 1114 Ano-aeorum
500 1069 613 1125 origo
638 1070 838 1121 manavit,
884 1069 983 1110 adeo
1014 1075 1058 1110 ut
1086 1081 1164 1109 una
1195 1066 1350 1123 quidem
1378 1081 1425 1108 ac
1459 1066 1650 1122 singulari
1673 1080 1726 1108 ex

181 1137 339 1192 radice,
382 1138 583 1196 spinarum
616 1137 764 1190 instar,
807 1137 992 1179 haereses
1026 1135 1115 1178 illae
1144 1149 1282 1178 omnes
1313 1135 1611 1188 fruticaverint,
1657 1136 1727 1177 sed

179 1206 304 1252 variis
328 1214 458 1249 tamen
484 1206 634 1258 modis,
678 1212 720 1247 ut
743 1205 783 1247 iu
807 1205 1007 1262 spinarum
1034 1203 1152 1246 ramis
1172 1218 1219 1246 ac
1239 1204 1431 1256 surculis,
1478 1204 1632 1246 illorum
1656 1203 1728 1245 im·

181 1275 359 1334 probitas
377 1274 466 1317 aliis
489 1274 568 1316 alio
586 1281 763 1330 tempore
788 1274 960 1315 nefariae
983 1272 1159 1315 haeresis
1180 1272 1419 1329 excogitatis
1437 1272 1729 1329 interpretatio-

181 1343 319 1396 nibus,
357 1344 460 1385 etin
487 1342 659 1384 deterius
688 1343 933 1399 progressis,
967 1355 1080 1383 suum
1103 1341 1142 1382 in
1166 1341 1300 1383 orbem
1327 1348 1520 1383 terrarum
1542 1340 1724 1392 exitium,

180 1425 228 1454 ac
252 1411 362 1453 virus
393 1411 596 1463 effuderit,
640 1411 962 1467 quemadmodum
999 1410 1046 1451 de
1078 1409 1150 1451 bac
1180 1409 1263 1466 ipsa
1294 1410 1590 1451 Anomoeorum
1621 1416 1729 1451 secta

179 1481 321 1522 iterum
343 1486 480 1536 postea
504 1479 693 1521 dicemus.
754 1478 875 1521 Nune
895 1486 1023 1520 autem
1046 1478 1115 1530 iis,
1159 1492 1258 1534 quae
1285 1485 1378 1520 sunt
1396 1477 1584 1520 hactenus
1607 1478 1726 1529 dieta,

180 1548 379 1599 contenti,
418 1562 504 1590 cum
534 1547 645 1589 velut
672 1546 881 1589 immanem
906 1548 1098 1603 quendam
1123 1553 1346 1603 serpentem
1370 1546 1660 1588 extinxerimus
1683 1560 1729 1588 ac

180 1616 542 1676 profligaret-imus,
588 1616 690 1658 bunc
722 1630 795 1658 uos
831 1616 1095 1672 proculcatum
1133 1622 1405 1671 mortuumque
1443 1615 1727 1670 relinquamus,

179 1692 222 1729 et
239 1685 291 1728 ad
316 1685 394 1728 alia
424 1684 608 1727 conversi
636 1691 791 1727 ceteras
820 1684 1096 1740 aggrediamur
1125 1682 1334 1736 haereses,
1376 1683 1440 1725 dei
1467 1697 1541 1740 ope
1564 1683 1728 1739 primum

181 1754 354 1798 omnium
376 1754 583 1805 advocata,
615 1760 659 1795 ut
677 1760 901 1809 susceptum
920 1767 1017 1810 opus
1038 1753 1087 1795 ad
1109 1753 1258 1795 exitum
1280 1753 1495 1809 perducere
1516 1752 1726 1808 possimus.

388 1913 703 1965 cONTRA
749 1913 1528 1974 PNEUMATOMAGHOS,

455 2011 566 2059 quae
595 2000 672 2045 'est
705 1994 903 2045 haeresis
936 1994 1079 2057 LIV„
1113 1995 1209 2046 sive
1244 1993 1459 2045 LXXIV.

297 2095 363 2139 Ab
394 2095 455 2139 his
490 2094 751 2140 Semiarianis
782 2105 823 2139 et
852 2097 901 2139 ab
933 2097 1167 2139 orthodoxis
1190 2104 1407 2140 monstrum
1434 2096 1649 2153 quoddam,
1691 2104 1733 2139 ut
1776 2101 1898 2145 Cap-1·

182 2164 240 2208 ita
265 2164 415 2216 dicam,
456 2163 678 2207 biformium
707 2165 903 2207 bominum
926 2180 974 2208 ac
1008 2165 1281 2208 semiferorum
1307 2174 1446 2208 contra
1477 2180 1551 2208 nos
1579 2166 1732 2208 excita-

184 2240 265 2277 tum
291 2240 378 2286 est,
421 2233 638 2275 cuiusmodi
660 2231 909 2287 Centauros,
949 2242 1018 2277 aut
1039 2233 1194 2285 Panas,
1227 2242 1298 2277 aut
1318 2233 1486 2277 Sirenas
1514 2234 1730 2276 fabularum

185 2301 300 2345 uobis
329 2301 503 2344 artifices
534 2302 756 2344 ediderunt.
817 2302 899 2344 Alii
921 2303 1060 2359 quippe
1085 2303 1134 2345 ab
1161 2303 1311 2345 Ariana
1331 2303 1534 2359 disciplina
1566 2302 1731 2358 profecti

184 2372 305 2415 fllium
350 2385 428 2414 non
461 2370 678 2412 absolutam
703 2370 887 2413 videlicet
919 2379 1141 2414 creaturam
1174 2386 1265 2414 esse
1296 2371 1507 2422 deliniunt,
1549 2371 1619 2412 sed
1644 2369 1731 2412 sine

187 2446 363 2499 tempore
393 2453 484 2482 esse
515 2439 706 2495 genitum.
768 2437 947 2495 Tempus
975 2448 1105 2482 autem
1142 2440 1235 2482 illud
1267 2441 1305 2484 in
1335 2454 1407 2482 sua
1436 2438 1620 2495 opinione
1652 2445 1732 2480 sta-

187 2515 302 2552 tuunt
324 2509 426 2566 quod
447 2522 471 2550 a
491 2508 603 2549 coelo
626 2507 783 2549 condito
810 2507 857 2549 ad
884 2507 1112 2551 hodiernum
1139 2523 1263 2565 usque
1285 2509 1385 2551 diem
1423 2508 1587 2549 effluxit.
1650 2505 1731 2550 Sed

187 2591 213 2622 ι
231 2577 361 2634 priore
384 2577 451 2619 illa
473 2576 692 2628 sententia,
739 2589 852 2631 quam
876 2575 998 2618 Arius
1018 2577 1217 2629 evomuit,
1259 2590 1500 2633 nequaquam
1525 2576 1731 2628 recedunt,

189 2645 312 2689 raim
333 2644 514 2688 nimirum
538 2652 690 2701 tempus
713 2659 799 2686 cum
824 2644 992 2686 nondum
1016 2652 1124 2687 esset
1147 2645 1263 2687 filius.
1325 2643 1453 2687 Porro
1473 2658 1559 2686 cum
1582 2651 1732 2702 tempo-

188 2714 298 2757 ribus
327 2714 508 2757 omnibus
536 2714 774 2755 anteriorem
809 2712 914 2754 illum
937 2726 1027 2754 esse
1050 2713 1216 2765 docent,
1251 2728 1324 2767 per
1347 2728 1453 2768 quem
1476 2716 1599 2755 omnia
1623 2715 1729 2767 sacto
1747 2724 1918 2765 Imm.

189 2790 300 2831 me,
344 2789 423 2824 tum
455 2783 503 2824 de
524 2782 663 2838 spiritu
687 2789 826 2824 sancto
851 2781 1132 2823 contumeliose
1160 2781 1355 2837 garriunt.
1415 2781 1495 2824 Alii
1521 2796 1618 2824 vero
1643 2798 1729 2825 cum

190 2851 239 2893 de
263 2851 341 2893 lilio
373 2857 482 2893 recte
510 2858 550 2893 et
582 2864 635 2893 ex
658 2850 745 2892 fidei
769 2848 985 2892 catholicae
1011 2850 1252 2905 praescripto
1277 2848 1471 2902 sentiant,
1503 2864 1552 2893 ac
1574 2865 1732 2909 semper

193 2973 281 2999 στιον
308 2964 386 3008 (sie)
416 2965 524 2999 Peene.
584 2966 618 2998 ln
651 2966 736 2997 tibris
765 2968 809 2997 est
840 2962 939 3006 τέρας
984 2963 1100 2996 dicam.
1159 2964 1269 2997 Vocob.
1293 2961 1468 3008 τεράστιος
1494 2968 1522 2998 α
1549 2966 1628 3000 aubi
1657 2976 1732 3000 mu.

191 3009 270 3044 τισὶ.
319 3011 463 3044 eomer-n
490 3013 588 3043 versio
618 3017 787 3050 monstra,
824 3016 858 3041 ut
892 3009 938 3041 ita
983 3013 1045 3051 est,
1068 3006 1334 3051 uttkoer.19,4.
1356 3014 1384 3044 οι
1405 3009 1501 3052 36,1.
