2020 3276
432 224 613 260 rmum
636 224 720 258 ma.
740 224 798 258 m.
819 225 927 259 Tou.
947 226 973 259 1.
998 224 1129 259 naun.
1151 225 1313 258 Lxxvi.
1564 216 1645 258 305

103 298 304 352 n'd-aa-
321 318 368 348 ac
387 305 585 347 secundae
605 303 840 346 conditionis
862 305 978 346 modo
997 305 1035 346 in
1050 305 1225 360 ingenito
1250 304 1458 361 primariae
1479 317 1570 347 esse
1589 303 1648 347 vi-

105 372 220 427 ffl,
253 373 309 416 ita
337 379 382 415 ut
410 373 554 430 prioris
583 372 679 415 insit
707 386 754 414 ac
784 372 1017 429 posterioris
1048 373 1174 414 ordo?

123 466 128 469 >
175 467 178 469 Δ
216 437 382 485 Confut.
406 438 574 484 XXXI.
635 439 670 483 l.
705 439 859 483 Vellem
879 440 1075 497 equidem,
1108 442 1209 497 quod
1232 449 1272 483 et
1294 442 1434 484 factum
1459 440 1647 498 oportuit,

104 513 150 554 nt
172 509 316 553 Aetius
348 516 520 552 mentem
551 523 661 552 suam
695 509 809 551 nobis
842 509 1085 566 aperuisset,
1127 516 1167 550 et
1192 509 1525 565 interrogationes
1556 522 1650 551 suas

100 577 303 635 &quanto
325 578 472 621 elarius
503 577 792 635 proposuisset,
835 577 964 634 potius
994 592 1108 633 quam
1136 591 1184 619 ea
1214 578 1384 619 dictione
1418 585 1526 620 esset
1555 591 1650 620 usus

102 658 206 703 que
227 645 267 689 in
290 647 638 704 reprehensionem
673 645 862 698 incurrit,
906 660 980 688 nec
1013 645 1128 687 uliam
1158 644 1199 687 in
1231 644 1291 687 bis
1324 645 1467 698 rebus,
1512 646 1651 702 quibus

102 714 252 768 utitur,
292 714 587 757 similitudinem
610 714 750 767 babet,
794 728 881 756 cum
905 722 1088 756 neutrum
1111 728 1247 756 eorum
1275 728 1375 770 quae
1401 715 1450 756 ab
1474 728 1521 756 eo
1544 728 1652 756 com-

104 789 322 827 ·enorata
336 789 431 826 sunt
449 796 538 825 cum
556 783 682 825 altero
701 782 919 839 comparari
943 789 984 824 et
1008 781 1224 838 exaequari
1246 782 1386 838 possit.
1449 781 1650 838 Siquidem

105 851 360 908 pta-inom-
386 864 486 908 quae
521 851 647 894 visum
678 851 868 907 effugium
899 851 1179 907 appeliationes
1212 851 1368 892 adducit
1399 851 1438 892 in
1465 851 1649 892 medium.

104 917 212 964 Na-
245 927 287 963 et
315 919 444 964 visum
479 920 632 976 fugiunt
662 920 843 962 animalia
877 919 943 961 ilia
969 919 1185 976 spiritaiia,
1229 919 1302 961 hoc
1334 925 1398 961 est
1425 916 1649 975 Seraphim,

105 985 344 1042 aubin,
375 988 524 1044 angeli,
553 988 714 1044 spiritus
733 988 924 1044 denique,
956 989 996 1029 in
1019 988 1159 1044 quibus
1179 1001 1317 1030 verum
1340 987 1432 1029 illud
1456 1001 1546 1029 esse
1567 1001 1654 1029 cer-

107 1055 216 1100 n‘tu·
232 1057 335 1114 flod
359 1056 504 1099 Aetius
529 1063 687 1110 narrat,
733 1056 829 1099 nibil
852 1063 896 1098 ut
921 1056 962 1098 in
985 1056 1128 1112 seipsis
1153 1056 1192 1098 vi
1215 1056 1381 1112 quadam
1409 1055 1536 1098 sativa
1561 1070 1656 1097 con-

109 1124 277 1168 tineant.
333 1123 477 1181 Neque
499 1125 602 1167 enim
628 1138 796 1181 corpora
819 1138 866 1167 ea
891 1138 991 1181 quae
1016 1139 1095 1167 non
1118 1124 1374 1181 aspectabiiia
1394 1131 1487 1166 sunt
1510 1124 1657 1166 dixerit

108 1192 271 1250 aliquis,
302 1206 390 1235 eum
412 1206 539 1249 neque
557 1193 744 1249 gignant,
789 1207 916 1249 neque
946 1192 1179 1250 gignantur,
1223 1193 1293 1234 sed
1318 1193 1366 1235 de
1390 1192 1654 1249 sempiternae

109 1259 326 1304 divinitatis
354 1260 556 1303 voluntate
590 1261 704 1318 plane
736 1261 892 1304 condita
918 1260 1022 1314 sint,
1066 1276 1112 1304 ac
1139 1261 1378 1303 tantumdem
1400 1274 1656 1317 unaquaeque

109 1336 329 1373 creatarum
350 1343 483 1372 rerum
503 1329 663 1372 virtutis
684 1329 797 1372 babet
812 1362 824 1381 ‚
857 1337 1040 1386 quantum
1061 1344 1131 1387 pro
1150 1330 1299 1372 infinita
1322 1343 1394 1372 sna
1414 1329 1656 1385 benignitate

109 1404 152 1441 et
174 1397 415 1440 humanitate
437 1398 601 1453 largitus
627 1405 690 1440 est
711 1399 823 1441 deus.
884 1396 1021 1454 ltaque
1042 1398 1239 1454 quaelibet
1260 1399 1362 1454 quod
1384 1397 1460 1440 sibi
1492 1398 1658 1440 attribu-

110 1474 192 1510 tn
223 1473 286 1509 eat
313 1465 504 1518 obtinuit,
548 1467 587 1508 in
618 1480 743 1522 eoque
780 1473 1004 1523 permanet3
1050 1467 1147 1510 deus
1174 1481 1271 1508 vero
1301 1466 1351 1509 ab
1380 1466 1487 1509 omni
1516 1479 1658 1508 caussa

109 1533 312 1579 absolutus
337 1542 424 1586 est,
466 1535 673 1577 continens
704 1536 743 1577 in
778 1542 904 1577 semet
929 1535 1074 1577 omnia.
1137 1535 1242 1578 idem
1274 1535 1360 1578 sine
1391 1535 1471 1577 ulla
1498 1541 1659 1576 cuncta·

110 1602 219 1647 tione
251 1602 521 1645 nutationeve
558 1604 735 1656 consilii,
781 1617 909 1660 neque
944 1603 1062 1646 filium
1098 1603 1217 1660 longo
1249 1603 1483 1655 intervallo,
1530 1616 1658 1659 neque

110 1671 291 1730 spiritu-
322 1678 503 1714 sanctum
532 1685 644 1715 suum
683 1672 828 1715 babere
862 1672 1005 1728 coepit.
1067 1670 1147 1714 Sed
1179 1687 1251 1729 pro
1276 1686 1325 1715 eo
1347 1686 1395 1714 ac
1416 1671 1658 1714 conveniens

110 1739 311 1784 mnium
341 1738 459 1782 babet
479 1740 528 1782 ab
554 1748 740 1793 aeterno,
786 1754 900 1797 quem
934 1740 1089 1783 unicum
1124 1740 1282 1796 genuit3
1327 1740 1428 1782 filius
1463 1753 1561 1782 vero
1591 1753 1659 1796 pa-

110 1815 213 1853 uu·
232 1807 381 1851 babens
406 1807 447 1850 iu
470 1808 601 1866 seipso
626 1816 813 1866 perpetuo
837 1823 915 1851 una
937 1817 975 1851 et
997 1809 1174 1866 spiritum
1199 1815 1377 1851 sanctum
1401 1808 1540 1860 babet,
1586 1810 1664 1860 Qui

112 1890 138 1919 ι
160 1884 276 1933 putre
298 1879 506 1931 procedens
534 1891 558 1918 a
574 1878 668 1931 filio
695 1892 842 1932 semper
868 1881 1023 1932 aecipit-

228 1942 286 1988 ΙΙ.
347 1943 506 1987 Etenim
538 1958 665 2002 neque
690 1946 730 1988 in
756 1946 1019 1999 obscuritate,
1065 1960 1138 1988 nec
1168 1946 1209 1988 in
1241 1945 1415 1988 uberiori
1448 1944 1658 2002 splendore

115 2027 163 2057 ac
180 2012 308 2070 gioria
330 2013 593 2070 sempiternae
617 2014 834 2058 divinitatis
867 2015 1106 2058 excellentia
1133 2021 1332 2057 versatur.
1395 2011 1498 2056 Cum
1530 2020 1661 2055 autem

115 2088 336 2125 creatarum
363 2094 496 2123 rerum
518 2081 624 2124 nulia
643 2082 768 2125 adbuc
791 2091 922 2137 esset,
954 2092 1175 2126 utrumnam
1199 2083 1356 2125 tandem
1380 2082 1566 2125 diviuitas
1589 2080 1661 2123 mi-

116 2163 217 2194 nore
234 2163 282 2194 ae
303 2149 428 2207 ipsam
449 2149 649 2206 opulentia
675 2152 890 2207 praeditam
915 2151 1014 2194 vidit
1036 2152 1272 2209 aliquando?
1311 2158 1379 2194 aut
1401 2158 1483 2194 tum
1506 2150 1661 2207 quidem

117 2218 309 2264 modi
338 2230 429 2261 esse
451 2217 573 2271 vidit,
604 2231 709 2261 nnnc
727 2226 883 2271 autem,
928 2221 1031 2263 facta
1059 2221 1107 2262 ad
1130 2220 1387 2263 substantiam
1411 2219 1659 2269 accessione,

119 2288 234 2346 qnasi
258 2286 473 2344 cuiuspiam
495 2286 553 2328 rei
575 2286 757 2342 indigens
779 2301 868 2330 esse
890 2295 1049 2345 posset,
1095 2296 1350 2346 posteaquam
1375 2295 1509 2330 creata
1532 2286 1663 2329 omnia

118 2356 327 2415 produxit,
359 2354 546 2411 ampiiore
568 2355 731 2411 quadam
752 2355 876 2411 gioria
902 2356 1117 2413 opibusque
1140 2371 1231 2400 sese
1253 2356 1469 2414 praeditam
1491 2355 1665 2397 animad-

24 2476 26 2478 v
118 2425 265 2469 vet-tiu
322 2421 466 2467 Nullus
486 2423 618 2479 itaque
639 2424 925 2480 tergiversandi
950 2424 1060 2467 iocus
1086 2424 1135 2467 iis
1153 2425 1327 2467 'relictus
1353 2432 1415 2467 est
1437 2424 1502 2481 qui
1524 2423 1665 2465 adver·

119 2506 189 2537 s-
224 2492 431 2537 veritatem
462 2491 778 2549 syiiogismorum
803 2492 978 2548 argutias
1002 2492 1200 2536 bominum
1226 2492 1472 2549 excogitatas
1496 2491 1665 2546 ingeniis

120 2574 320 2620 opponere
353 2561 552 2612 nituntur,
596 2566 637 2603 et
665 2560 704 2602 in
731 2560 898 2603 medium
922 2561 1082 2604 afferre.
1145 2558 1345 2617 Siquidem
1384 2561 1515 2603 divina
1546 2558 1666 2600 maie·

121 2636 229 2684 stas,
260 2629 408 2687 patris,
440 2629 620 2685 inquam,
653 2635 694 2671 et
720 2628 812 2680 mii,
856 2641 903 2670 ac
924 2628 1085 2686 spiritus
1109 2629 1234 2684 sancti
1259 2628 1488 2685 angelorum
1514 2633 1668 2668 mentes

123 2709 261 2742 onnes
279 2697 397 2755 longo
418 2696 626 2740 intervallo
646 2703 806 2754 superat
828 2696 970 2739 nedum
993 2697 1213 2749 bominum,
1245 2710 1409 2753 quorum
1432 2697 1583 2737 timidae
1603 2708 1666 2735 eo·

120 2769 347 2821 sindones.
380 2765 499 2808 animi
522 2779 664 2808 sensus
687 2766 884 2808 intereant
905 2764 945 2806 in
968 2763 1128 2807 nibilum
1149 2765 1294 2807 redacti
1308 2796 1320 2817 ,
1353 2778 1399 2807 ac
1419 2777 1510 2807 sese
1536 2763 1670 2806 varias

125 2834 167 2878 ia
186 2833 510 2878 ratiocinationes
529 2841 570 2876 et
591 2833 844 2891 quaestiones
868 2833 1048 2875 induunt.
1110 2830 1447 2888 Quemadmodum
1468 2832 1507 2875 in
1531 2830 1671 2889 pleris-

126 2974 181 3004 ἱ.
197 2969 229 3004 οἰ
245 2976 283 3004 ut
304 2969 427 3004 habeat
445 2981 578 3016 semper
597 2970 699 3004 filium
716 2969 876 3016 genitum,
922 2968 979 3002 bet
1001 2975 1111 3001 antem
1141 2974 1175 3001 et
1198 2973 1349 3002 sanetum
1375 2968 1528 3023 apii-itum
1548 2979 1588 3001 ex
1608 2978 1671 3013 pa-

127 3014 253 3049 haben·
272 3015 374 3049 filium
394 3022 429 3049 et
450 3015 537 3050 hunc
558 3016 781 3061 unigenitum,
816 3015 876 3049 ha·
925 3022 975 3048 tre
996 3014 1213 3053 existentem,
1238 3021 1272 3047 et
1292 3013 1335 3048 de
1354 3013 1423 3048 filio
1442 3013 1671 3059 accipientem,

129 3060 263 3094 beatem
282 3072 413 3105 semper
433 3068 560 3106 patrem
583 3062 616 3095 in
637 3062 757 3107 seipso.
805 3061 877 3094 Ha·
924 3071 1055 3105 semper
1079 3059 1186 3104 ipsum
1209 3058 1345 3094 habena.

199 3114 316 3152 Corpus
336 3114 517 3144 auru-01.
536 3115 575 3143 u.
594 3115 622 3144 1.
1347 3119 1401 3162 20

1693 2707 1764 2745 Sap.
1782 2708 1810 2742 ⁸,
1833 2707 1870 2735 tt.
