2020 3276
486 124 672 160 rammi
695 127 780 160 mn.
799 127 857 161 tn.
880 124 991 161 τοΜ.
1011 128 1038 161 1.
1062 127 1196 161 nuta.
1217 127 1360 160 Lxxv.
1627 118 1706 160 183

265 203 414 249 Eadem
448 206 533 263 ipsa
563 220 681 263 porro
716 213 884 248 mentem
919 207 1021 248 ittius
1045 222 1092 248 ac
1117 206 1317 263 perfidiam
1343 206 1549 248 manifeste
1576 205 1705 247 decla-
1733 217 1810 261 cap.
1832 216 1887 250 lv.

150 280 261 327 runt,
302 287 403 330 qnae
435 275 474 317 in
506 274 704 317 bominum
734 289 861 329 genus
892 275 1069 330 improbo
1093 275 1258 316 artificio
1291 290 1361 331 per
1383 289 1573 317 summam
1600 274 1706 316 insa-

149 340 254 387 niam
290 341 443 385 effudit.
504 344 713 386 Adversus
746 358 844 399 quae
885 343 946 384 ubi
975 343 1110 399 paucis
1145 343 1499 399 disputaverimus,
1543 343 1705 385 missum

149 410 256 455 ilium
283 410 488 454 faciemus.
551 411 768 454 Enimvero
799 420 920 454 totum
950 412 1039 453 ittnd
1065 411 1291 454 stoliditatis
1319 426 1409 453 esse
1438 411 1706 468 plenissimum

148 481 322 538 prudens
356 479 522 536 quisque
555 480 668 522 facite
700 480 902 537 perspicit.
967 479 1087 522 Velut
1112 494 1198 520 cum
1226 480 1451 536 episcopum
1472 495 1518 521 ac
1543 479 1708 537 presby-

156 555 274 592 :amn
301 549 523 604 adaequare.
549 555 731 590 conatur.
794 548 882 591 Hoc
916 549 1018 590 enim
1055 555 1240 590 constare
1268 548 1331 603 qui
1363 549 1515 604 potest?
1575 547 1709 604 Siqui-

146 616 236 660 dem
255 616 529 674 episcoporum
553 618 650 659 ordo
673 619 719 659 ad
745 617 964 674 gignendos
991 625 1122 673 patres
1146 617 1354 672 praecipue
1376 617 1560 672 pertinet.
1623 615 1708 659 Hu-

146 686 211 730 ius
240 685 347 728 enim
373 693 435 728 est
458 692 608 742 patrum
637 686 675 727 in
703 687 873 728 ecclesia
902 686 1147 742 propagatio.
1209 684 1325 727 Alter
1356 699 1443 726 cum
1469 692 1600 741 patres
1628 700 1706 727 nnn

146 754 295 812 possit,
337 753 437 796 titios
469 754 663 796 ccclesiae
696 755 1010 810 regenerationis
1044 754 1191 795 tutione
1224 754 1426 809 producit3
1471 768 1547 795 non
1577 763 1705 796 tamen

145 830 279 881 putres
313 830 381 866 aut
414 825 641 878 magistros.
704 822 874 878 Quinam
906 836 1004 864 vero
1032 822 1114 864 fieri
1140 830 1269 878 potest
1299 830 1341 863 ut
1367 823 1400 863 is
1433 823 1705 879 presbyterum

144 891 358 934 constituat
393 891 439 933 nd
474 906 589 948 quem
624 893 836 934 creandum
881 906 1063 933 manuum
1099 891 1420 947 imponendarum
1457 891 1517 932 ius
1559 892 1704 932 nultum

145 959 312 1002 babent?
370 961 453 1002 Ant
472 961 667 1015 quomodo
690 960 899 1016 presbyter
922 960 1107 1016 episcopo
1132 959 1206 1000 dici
1230 966 1360 1015 potest
1380 960 1583 1015 aequalis?
1625 958 1706 1002 Ve-

145 1041 233 1070 mm
259 1028 423 1071 Aet-ium
453 1029 571 1070 istum
603 1029 722 1071 nimia
746 1029 934 1084 quaedam
968 1029 1187 1084 procacitas
1215 1028 1501 1084 aemulatioque
1533 1029 1702 1086 decepit.

262 1096 422 1139 Atenim
463 1103 506 1139 ut
545 1104 620 1138 tam
653 1098 726 1139 sibi
758 1112 871 1152 quain
904 1097 1148 1139 auditoribus
1178 1098 1375 1153 imponat,
1418 1097 1511 1138 ittud
1552 1097 1703 1149 obiicit,

145 1165 366 1222 apostotum
408 1165 650 1222 presbyteris
689 1174 729 1206 et
759 1165 935 1207 diaconis
965 1166 1168 1218 scribere,
1213 1180 1290 1207 non
1330 1165 1541 1222 episcopis.
1608 1165 1703 1208 item

152 1233 376 1290 episcopum
398 1233 625 1289 alloquens,
669 1237 785 1284 Noli,
820 1234 965 1289 inquit,
997 1236 1152 1288 neglige
1168 1237 1360 1287 granum,
1395 1249 1491 1288 quae
1516 1238 1555 1275 in
1573 1243 1609 1275 te
1629 1243 1700 1283 est,
1723 1244 1911 1282 1.'rim.4,1t.

147 1316 258 1358 qnam
280 1305 466 1356 accepisti
490 1317 562 1355 per
599 1317 732 1344 manus
766 1304 1075 1357 presbyterorum
1109 1305 1288 1356 collegi1·,·
1331 1304 1471 1344 deinde
1503 1304 1581 1345 atio
1614 1304 1701 1345 loco

142 1373 328 1426 epn‘ueopae's
357 1378 397 1412 et
416 1373 609 1420 diaconis,
657 1379 698 1413 ut
731 1371 833 1413 idem
861 1373 1068 1427 episcopus
1094 1379 1133 1412 et
1156 1371 1368 1428 presbyter
1390 1386 1481 1414 esse
1504 1373 1702 1415 videatur.

144 1435 224 1482 Sed
248 1438 430 1481 nimirum
455 1439 636 1481 veritatis
661 1440 735 1481 iste
761 1441 904 1482 seriem
930 1440 1142 1496 ignoraus,
1188 1454 1262 1482 nec
1289 1441 1326 1482 in
1356 1441 1620 1482 reconditiore
1648 1441 1705 1482 bi-

142 1506 265 1550 stnria
290 1516 498 1557 ven-satus,
546 1523 623 1550 non
656 1507 840 1564 inteiligit
863 1509 1107 1565 apostolum,
1151 1523 1238 1550 cnm
1268 1523 1409 1551 recens
1441 1509 1567 1551 adbuc
1597 1517 1705 1551 esset

143 1571 359 1619 Christiani
390 1577 585 1633 dogmatis
618 1576 872 1633 propagatio,
921 1591 990 1633 pro
1027 1591 1069 1618 rc
1098 1584 1187 1619 nata
1217 1577 1441 1634 scripsisse.
1503 1576 1609 1619 Nam
1639 1578 1702 1620 ubi

141 1644 220 1687 inm
255 1645 429 1702 episcopi
459 1644 660 1688 constituti
685 1646 865 1697 fueraut,
908 1646 955 1687 ad
980 1646 1187 1702 episcopos
1212 1653 1251 1687 et
1276 1647 1463 1688 diaconos
1487 1646 1700 1688 scribebat.

138 1710 284 1770 Neque
305 1714 409 1756 enim
429 1714 594 1756 subinde
617 1714 748 1755 omnia
767 1714 815 1756 ab
838 1715 1028 1771 apostotis
1054 1715 1227 1756 ordinari
1250 1722 1454 1771 poterant3
1488 1722 1528 1757 et
1547 1715 1702 1771 quidem

142 1781 386 1839 presbyteris
413 1783 591 1839 inprimis
616 1797 663 1824 ac
685 1783 861 1825 diaconis
884 1797 982 1839 opus
1010 1790 1121 1835 crat,
1154 1798 1177 1825 a
1203 1783 1342 1840 quibus
1365 1784 1550 1826 videlicet
1568 1784 1704 1825 ambo-

141 1849 215 1894 bus
243 1850 511 1894 ecetesiastica
544 1851 702 1907 negotia
735 1852 1000 1893 administrari
1035 1859 1215 1908 possunt.
1280 1851 1417 1908 Quare
1442 1854 1505 1896 nbi
1531 1857 1701 1897 nondum

141 1918 369 1975 episcopatu
405 1919 545 1975 dignus
580 1920 720 1976 aliquis
749 1927 1001 1972 occurrerat,
1046 1921 1174 1962 nuttus
1211 1921 1246 1963 ei
1275 1922 1363 1963 toco
1393 1924 1616 1980 propositus
1642 1931 1704 1966 est

141 1986 366 2044 episcopus.
428 1989 485 2030 At
518 1988 583 2030 ubi
617 1996 655 2030 et
678 1989 898 2031 necessitas
920 1989 1161 2044 postulabat,
1208 2004 1279 2031 uec
1303 2005 1437 2032 eornm
1463 1992 1526 2047 qui
1549 1992 1703 2049 episco-

141 2062 233 2113 patu
254 2055 359 2111 digni
381 2064 495 2098 eraut
514 2058 626 2113 copia
647 2058 798 2109 deerat,
833 2057 882 2099 ibi
906 2058 1077 2115 episcopi
1103 2059 1319 2100 constituti.
1385 2058 1465 2102 Sed
1489 2074 1574 2102 cum
1601 2060 1700 2102 baud

142 2138 284 2180 magna
309 2124 514 2166 multitudo
537 2127 662 2178 foret,
709 2126 874 2183 reperiri
897 2126 988 2168 nulli
1016 2134 1229 2183 potuerunt
1249 2128 1313 2184 qui
1346 2128 1566 2185 presbyteri
1591 2144 1703 2170 crea-

141 2199 304 2245 rentnr;
350 2194 453 2236 unde
485 2194 572 2235 soto
610 2194 796 2251 episcopo
829 2195 1003 2236 contenti
1041 2197 1211 2237 tuterunt.
1275 2195 1373 2238 Sine
1404 2197 1571 2238 diacono
1604 2212 1701 2240 vcro

141 2261 349 2318 episcopus
371 2275 461 2303 esse
491 2276 567 2303 nou
593 2269 737 2318 potest.
799 2262 934 2318 Quare
958 2264 996 2305 in
1019 2264 1053 2305 id
1079 2265 1278 2321 apostolus
1299 2264 1490 2317 incubuit,
1524 2274 1566 2308 ut
1588 2266 1701 2307 mini-

141 2330 290 2372 :tr-ndi
326 2331 455 2386 gratia
491 2331 677 2387 episcopo
713 2330 865 2372 diaconi
903 2339 1174 2388 suppeterent.
1240 2332 1374 2389 itaque
1409 2349 1495 2376 cum
1528 2336 1698 2376 nonduin

142 2398 312 2441 ecclesia
348 2399 431 2442 suis
466 2400 646 2441 omuibus
672 2399 937 2442 functionibus
960 2402 1111 2457 expleri
1140 2410 1294 2457 posset,
1335 2417 1405 2459 per
1429 2403 1519 2444 illud
1547 2410 1699 2459 tempus

141 2466 360 2510 istiusmodi
393 2468 637 2522 singulorum
674 2468 848 2509 locorum
877 2475 1004 2511 status
1033 2469 1182 2511 extitit.
1244 2469 1387 2526 Neque
1413 2486 1509 2513 vero
1531 2471 1605 2512 utta
1634 2485 1699 2512 res

141 2542 204 2577 est
236 2549 335 2591 quae
365 2536 412 2578 ab
442 2536 553 2578 initio
582 2537 665 2578 suis
696 2536 876 2578 omuibus
910 2537 1083 2580 numeris
1117 2539 1296 2580 absoluta
1334 2539 1475 2589 suerit3
1516 2540 1584 2581 sed
1610 2554 1699 2595 pro-

141 2603 307 2646 cedente
339 2605 494 2646 demum
528 2612 703 2660 tempore
735 2619 806 2645 sun
840 2605 1194 2661 opportunitatibus
1219 2607 1398 2648 omuibus
1420 2608 1465 2648 ad
1489 2607 1699 2663 perfectio-

142 2685 230 2714 nem
262 2673 440 2715 accessio
471 2674 650 2729 contigit.

255 2737 381 2783 Cuius
414 2742 635 2798 exemptum
672 2742 858 2783 babemus
894 2742 931 2783 in
954 2740 1117 2801 Moyse.
1184 2742 1257 2784 Hic
1282 2743 1383 2784 enim
1413 2744 1451 2785 in
1476 2751 1614 2786 vetere
1640 2752 1696 2787 te·
1723 2758 1803 2803 cap.
1829 2759 1870 2792 v,

186 2831 218 2866 5.
244 2827 339 2876 μόνῳ
361 2842 423 2866 non
447 2834 537 2866 habet
559 2834 627 2866 cod.
652 2835 781 2875 Rhedig.
988 2833 1020 2865 8.
1045 2831 1165 2868 ἐκείνω
1189 2844 1294 2867 omnes
1315 2836 1387 2867 tibrt
1407 2839 1532 2877 praeter
1556 2838 1698 2880 madiy,

186 2876 220 2911 6.
243 2875 424 2917 ἐπίσκοπος
452 2880 519 2912 cod.
548 2880 678 2919 Rhedtfl.
943 2881 997 2921 qui
1022 2880 1112 2912 habet
1137 2871 1245 2915 έκεῖνο
1262 2905 1270 2918 ,
1293 2882 1377 2922 quod
1398 2884 1534 2923 reposui.

143 2917 535 3004 Μῖὸὲὄὲῦαζωφωααιεο
559 2929 603 2957 ιιι
631 2926 764 2959 Petavu.
813 2925 899 2957 uon·
992 2924 1068 2957 cn.
1093 2926 1129 2957 v.
1157 2944 1198 2950 -
1250 2927 1278 2959 t.
1305 2923 1367 2971 τήν
1390 2937 1450 2960 om.
1471 2929 1539 2962 cod.
1566 2929 1695 2972 enemy.
