2020 3276
363 193 546 228 rammi
570 193 654 228 me.
673 193 730 227 ιιι.
764 191 874 227 ΤοΜ.
892 193 932 226 ιι.
967 191 1122 226 expos.
1146 191 1230 225 rm.
1257 191 1447 225 cA‘rnoL.
1595 181 1678 224 487

131 272 274 319 ..boe
291 272 459 328 virginis
481 273 585 315 illius
609 287 654 314 ac
675 271 947 314 sanctissimae
970 278 1007 312 et
1034 272 1254 313 innocentis
1277 270 1479 312 columbae
1503 269 1589 312 fidei
1615 269 1679 311 lir-

96 365 101 368 -
130 347 391 395 unc-mm
432 342 481 384 de
512 354 586 398 qua
613 341 792 382 domiuus
825 340 950 382 sancti
977 339 1137 396 spiritus
1166 339 1295 381 afflatu
1330 353 1400 395 per
1425 336 1678 381 Salomonem

131 407 288 457 bucin
312 406 567 453 Canticorum
605 406 773 451 Cantieo
796 407 1053 463 significavit=
1087 410 1300 461 Sexaginta
1324 415 1415 448 sunt
1434 410 1610 461 reginae,
1642 414 1683 448 et
1699 414 1787 445 cnut.
1802 415 1866 453 e‚·1.

128 479 322 532 m
338 479 518 532 palm-ea,
559 485 601 518 et
616 479 916 518 adolescentulae.
939 491 1098 531 quarum
1121 478 1249 516 nullus
1272 484 1330 516 est
1357 490 1560 516 numerus.-
1603 489 1679 517 una

127 542 373 589 «credatu
393 560 496 595 mea,
525 547 695 601 per-secta
716 559 810 586 mea.
875 543 949 587 Ubi
972 544 1032 586 bis
1054 543 1118 585 illa
1143 544 1307 599 repetita
1331 544 1520 585 vocabula
1541 558 1621 584 mea
1639 550 1680 585 et

128 627 225 657 acc.
283 612 415 656 <nnius
437 614 540 655 enim
565 613 765 664 columba,
810 613 922 655 huius
949 620 1010 654 est
1038 613 1101 654 illa
1124 613 1322 669 perlecta,
1368 618 1410 653 ut
1432 619 1589 653 ceterae
1612 625 1680 669 ap-

129 682 393 739 pollntnritn
417 682 589 738 quidem,
623 682 779 724 minime
802 688 932 723 tamen
955 681 1050 731 sint,
1083 681 1165 737 ipsa
1191 694 1287 722 vero
1308 694 1356 722 eo
1379 680 1536 721 nomine
1555 680 1680 736 dupli-

127 750 228 794 nitor
245 748 433 807 insignita
455 750 521 792 sit.
584 749 719 806 Quare
743 765 829 792 eum
852 750 899 791 de
921 749 1008 791 aliis
1032 749 1275 805 loqueretur,
1303 763 1380 790 non
1405 748 1520 799 dixit,
1555 746 1680 791 Octo-

125 818 235 876 ginta
264 825 359 861 cnut
388 818 548 875 pellices
587 831 724 869 meae,
768 832 906 860 verum
941 817 1090 874 reginis
1125 817 1272 858 eximia
1313 817 1375 858 illa
1418 815 1679 872 appellatione

126 887 349 946 punit-um
370 887 560 943 quendam
583 886 769 946 honorem
796 886 994 938 attribuit,
1041 885 1200 941 pellices
1226 899 1323 926 vero
1346 899 1508 942 prorsus
1529 884 1679 926 alienas

126 955 467 1002 caecat-ravit.
510 955 726 997 Amhorum
747 969 865 1011 porro
884 968 1087 997 numerum
1108 969 1195 995 eum
1218 953 1446 996 nominatim
1467 953 1679 996 habeamus

126 1037 379 1082 expressum,
411 1022 740 1078 contemplatione
763 1029 898 1065 nostra
921 1022 1099 1064 altiorem
1124 1023 1170 1064 ad
1197 1036 1356 1064 sensum
1378 1029 1517 1063 evecta
1539 1022 1679 1064 nonni-

126 1092 181 1136 hil
199 1092 379 1149 expolire
398 1091 501 1133 istud
520 1091 592 1133 hoc
611 1091 698 1133 loco
719 1091 911 1147 cogimur,
944 1098 986 1133 ut
1005 1105 1054 1132 ne
1077 1098 1260 1147 tanquam
1283 1090 1462 1146 frigidum
1486 1091 1680 1147 ineptum·

126 1174 205 1218 quc
228 1168 546 1218 praetereamus,
592 1160 661 1201 sed
687 1173 787 1216 quae
814 1160 1019 1211 dicuutur,
1062 1174 1113 1201 ex
1138 1159 1195 1200 rei
1221 1159 1389 1200 veritate
1419 1172 1466 1200 ac
1496 1173 1678 1202 verarum

126 1228 365 1274 auctoritate
393 1228 671 1284 seripturarum
702 1242 795 1270 vera
840 1228 959 1270 animi
1001 1228 1330 1284 contemplatione
1375 1228 1677 1283 perpendamus.

124 1295 286 1341 Etenim
314 1297 546 1353 ubicumque
570 1309 757 1338 numerus
778 1297 1022 1352 coneipitur,
1066 1297 1283 1338 oscitanter
1318 1295 1577 1351 praetermitti
1599 1311 1677 1338 nou

124 1365 266 1418 dehet,
307 1379 434 1422 neque
471 1365 572 1420 quod
611 1365 663 1406 ita
700 1365 1064 1421 comprehenditur,
1110 1379 1251 1406 vanum
1286 1364 1464 1420 quiddam
1497 1372 1536 1405 et
1561 1366 1679 1406 inane

124 1434 250 1478 videri
273 1440 341 1476 ant
362 1434 529 1476 otiosum
553 1432 790 1475 existimari.
850 1432 1031 1488 Reginae
1066 1447 1183 1489 porro
1214 1439 1305 1474 sunt
1326 1446 1427 1488 quae
1456 1433 1530 1474 iam
1562 1441 1680 1475 antea

123 1501 320 1560 stit-pisia
343 1503 450 1544 serie
473 1508 702 1544 numeratae
726 1508 819 1543 sunt
848 1503 1018 1543 animae.
1082 1500 1134 1544 Ut
1166 1501 1269 1543 enim
1304 1515 1438 1556 regem
1471 1500 1678 1544 innumera

123 1570 329 1614 multitudo
356 1571 589 1622 comitatur,
631 1584 796 1625 cumque
825 1584 901 1612 rex
932 1570 1070 1627 capitis
1100 1570 1225 1611 instar
1250 1569 1325 1621 sit,
1373 1569 1535 1623 perinde
1561 1576 1678 1625 atque

123 1639 373 1696 incorpore,
406 1653 492 1681 cum
522 1638 631 1694 plura
655 1638 828 1680 membra
851 1637 953 1689 sint,
999 1639 1127 1695 capite
1146 1638 1232 1694 ipso
1256 1637 1410 1679 censeri
1438 1652 1539 1680 unus
1561 1638 1678 1679 homo

123 1708 400 1764 numerarique
423 1707 549 1758 solet,
581 1706 639 1748 sic
664 1706 710 1748 ab
731 1721 809 1749 uuo
832 1721 926 1763 rege
950 1707 1153 1750 multitudo
1178 1706 1305 1748 omnis
1326 1705 1500 1747 subiecta
1523 1706 1606 1762 regi
1629 1706 1678 1748 ad

124 1775 293 1824 eundem
322 1775 428 1818 illum
458 1776 670 1817 referetur.

237 1841 504 1899 Quamobrem
533 1844 695 1899 reginae
729 1843 887 1885 nomine
921 1844 1127 1899 generatio
1158 1843 1197 1886 in
1232 1841 1394 1886 Christo
1429 1844 1674 1896 continetur3

124 1925 205 1955 uon
223 1912 325 1968 qnod
349 1911 477 1954 omnis
499 1912 703 1966 generatio
727 1912 971 1968 regnaverit,
1005 1913 1073 1954 sed
1098 1913 1198 1968 quod
1221 1926 1295 1954 una
1318 1913 1508 1954 ‹tunmxat
1532 1912 1677 1953 domini

124 1979 351 2035 cognitione
379 1979 556 2036 praedita
587 1994 639 2021 ex
666 1980 738 2022 viri
769 1980 884 2022 nnius
911 1980 1174 2037 appellatione
1200 1980 1349 2037 regiam
1376 1981 1604 2035 dignitatem
1626 1980 1679 2021 sit

124 2048 380 2104 ordinemque
414 2056 642 2090 consecuta.
704 2046 887 2104 Exempli
921 2049 1047 2104 gratia
1070 2049 1246 2090 Adamus
1268 2064 1355 2090 eum
1383 2056 1462 2090 tota
1488 2047 1677 2105 progenie

125 2116 262 2171 regina
285 2130 361 2158 uua
385 2114 624 2166 censebitur,
659 2115 838 2171 illiusque
863 2117 1116 2173 principatus,
1152 2125 1190 2158 et
1214 2117 1262 2158 ab
1285 2132 1333 2159 eo
1358 2118 1562 2159 deductum
1587 2117 1678 2157 stir-

123 2185 183 2242 pis
204 2184 355 2226 initium
371 2214 383 2235 ‚
427 2198 548 2240 penes
573 2197 671 2239 quos
697 2185 805 2239 regia
836 2185 1005 2239 dignitas
1027 2186 1182 2236 extitit,
1229 2200 1315 2227 cum
1340 2186 1389 2228 iis
1413 2186 1478 2241 qui
1499 2199 1585 2226 cum
1612 2184 1678 2226 illo

123 2251 416 2308 coniunguntur
453 2258 612 2308 propter
643 2251 703 2293 dei
738 2253 1027 2307 cognitionem,
1073 2255 1251 2310 quodque
1284 2254 1431 2310 primus
1458 2253 1630 2294 omnium
1654 2266 1677 2293 a

123 2322 199 2364 deo
222 2321 313 2377 fingi
335 2320 570 2375 formarique
595 2319 805 2370 meruerit,
848 2327 927 2362 tum
951 2322 1052 2377 quod
1077 2323 1342 2378 poenitentiae
1371 2322 1517 2378 primus
1541 2334 1678 2362 exem-

124 2390 228 2446 plum
257 2388 433 2438 dederit,
477 2395 519 2429 nt
541 2402 594 2429 ex
632 2388 717 2429 eius
749 2387 910 2430 historia
935 2397 1105 2432 constat.
1166 2388 1264 2432 Post
1287 2391 1483 2432 Adamum
1510 2387 1674 2439 Sethus,

124 2465 166 2501 ct
193 2457 368 2501 universi
390 2456 437 2498 ad
461 2470 549 2498 eum
571 2455 755 2512 adscripti
780 2457 981 2499 mortales.
1044 2456 1142 2500 Item
1169 2457 1302 2507 Enos,
1335 2456 1515 2508 Cafnan,
1547 2455 1677 2498 Male-

88 2566 92 2571 .
124 2526 225 2578 leel,
260 2524 398 2575 iared,
433 2523 594 2575 Enoch,
627 2521 876 2576 Mathusala,
917 2523 1118 2577 Lamech,
1150 2525 1257 2569 Noe’.
1323 2525 1471 2567 Horum
1503 2524 1676 2566 omnium

123 2601 350 2642 unctorum
385 2593 582 2643 virorum,
624 2592 687 2647 qui
723 2591 948 2647 singillatim
988 2608 1057 2649 per
1084 2595 1364 2648 generationes
1399 2601 1675 2645 recensentur,

124 2676 366 2719 quorumque
390 2675 574 2704 numerus
598 2661 697 2716 apud
724 2658 967 2702 Matthaeum
995 2662 1113 2704 initus
1134 2670 1219 2713 est,
1261 2677 1284 2704 a
1306 2676 1381 2717 quo
1406 2660 1524 2704 LXll
1557 2675 1677 2718 gene·

125 2730 301 2774 rationes
333 2743 379 2772 nc
405 2737 556 2787 patrum
592 2728 767 2783 origines
802 2729 1127 2784 praestantiorum
1156 2731 1328 2772 virorum
1356 2730 1578 2774 nominibus
1605 2745 1677 2774 ex-

125 2812 286 2855 pressae
311 2805 427 2849 suunt,
473 2798 536 2853 qui
566 2797 626 2838 dei
656 2797 830 2838 notitiam
859 2796 987 2853 adepti
1016 2806 1130 2848 suut,
1172 2806 1238 2839 aut
1262 2798 1362 2853 quod
1386 2799 1423 2839 in
1450 2799 1577 2855 aliqua
1601 2800 1674 2842 alia

126 2881 170 2908 rc
192 2867 400 2922 insigniter
422 2873 538 2921 atque
567 2865 711 2908 eximie
742 2878 832 2906 sese
854 2873 1085 2920 gesserunt,
1132 2866 1280 2921 regium
1304 2873 1343 2908 et
1369 2867 1616 2923 splendorem
1637 2876 1678 2911 et

124 2978 338 3068 φιροὲιᾶένιον
352 2981 463 3015 habeat
478 2982 546 3015 eod.
561 2981 688 3021 Rhedn'y.
701 2980 879 3021 dcynoaoerae
969 2979 1001 3013 3.
1027 2981 1169 3013 Fortasse
1193 2973 1239 3015 niv
1265 2977 1283 3015 ὁ
1307 2979 1500 3025 κατάλογος.

126 3035 189 3060 m
262 3036 305 3059 ιιι.

1704 1857 1783 1902 Cap.
1807 1859 1861 1891 lV.

1708 2469 1820 2499 Matth.
1841 2470 1866 2499 l.
