2020 3276
1096 532 1185 584 111.

731 691 1086 750 INDEX
1154 692 1556 751 RERUM.

643 821 788 860 (sunem
811 826 963 852 Δυοειτι
989 827 1203 852 memmenn-
1226 827 1370 852 κωκυ
1394 828 1484 852 ton.
1507 817 1648 862 nur.)

731 1013 768 1046 Α.

371 1068 526 1103 Abs-nami
551 1067 698 1102 excelsus
722 1067 827 1114 qualis
851 1067 954 1102 suerit
975 1071 1054 1103 409.

371 1124 512 1159 Abraam
531 1124 676 1170 aequalis
698 1124 786 1158 Nino
810 1137 850 1159 ac
870 1125 1122 1160 Semiramidis.

374 1181 526 1216 Abraami
552 1181 684 1215 vocatio
705 1183 737 1214 9.

371 1238 554 1274 Abruamns
580 1238 773 1272 ludaeorum
799 1249 918 1283 parens
943 1241 997 1273 1⁷.

372 1295 527 1330 Abraami
551 1302 631 1330 octo
655 1295 750 1329 liberi
774 1298 804 1330 9.

371 1352 583 1386 Abraarnitae
605 1365 625 1386 a
649 1352 838 1387 Patriarclia
870 1352 1014 1387 Abraam
1042 1352 1123 1388 dicti

417 1409 600 1443 circumcisi
629 1411 660 1442 9.

372 1465 583 1501 Abraamitae
606 1473 642 1500 et
668 1465 817 1500 lsacidae
849 1465 930 1501 dicti
965 1466 1035 1501 veri
1069 1466 1122 1501 dei

417 1523 561 1557 cultores
586 1525 616 1556 9.

371 1580 553 1614 Abraamus
574 1579 790 1625 nonagesimo
808 1591 896 1614 anno
918 1580 1037 1615 aetatis
1061 1581 1122 1615 cir-

417 1637 600 1678 cumeisus,
637 1639 768 1671 isaacus
802 1637 871 1671 eius
894 1636 979 1671 filius
1003 1644 1123 1672 octavo

416 1693 600 1727 nativitatis
625 1694 680 1727 die
706 1696 761 1728 17.

371 1750 583 1785 Abrotonum
629 1751 724 1795 fugat
762 1763 890 1786 venena
932 1759 1124 1797 serpentum

415 1809 494 1841 423.

373 1865 511 1899 Aeacius
543 1871 579 1898 et
611 1864 731 1898 Paulus
764 1864 914 1911 collegae
947 1865 1124 1911 Epiphanii

415 1921 449 1954 in
474 1921 589 1955 officio
613 1921 812 1955 sacerdotali
831 1925 863 1957 3.

371 1978 483 2012 Aeacii
507 1985 542 2011 et
564 1985 769 2012 sectatorum
793 1979 861 2012 eius
886 1978 961 2012 fidei
987 1979 1123 2025 profes—

415 2034 466 2068 sio
487 2034 640 2068 simulata
661 2038 738 2071 871.
763 2055 806 2060 -
850 2035 932 2068 item
953 2035 1018 2069 alia
1046 2035 1123 2069 fidei

418 2091 585 2137 professio
623 2091 656 2124 in
681 2091 900 2126 conciliabulo
925 2092 1123 2126 Seleuciensi

414 2148 528 2182 habita
551 2150 628 2181 872.
642 2167 687 2174 -
709 2148 745 2181 in
764 2160 830 2193 quo
853 2161 918 2182 vox
944 2148 1121 2190 homousii,

415 2205 451 2238 id
470 2211 520 2238 est
540 2204 829 2238 consubstantialis
845 2205 974 2239 sublata
988 2209 1064 2240 873.
1077 2226 1123 2232 -

416 2268 497 2307 quot
530 2268 564 2294 et
599 2261 656 2306 qui
688 2260 837 2307 episcopi
867 2262 944 2296 huic
978 2263 1121 2298 concilio

414 2318 668 2363 subscripserint
701 2320 775 2352 874.
801 2338 842 2344 -
906 2320 1120 2364 expositionis

416 2382 451 2408 et
488 2374 707 2420 professionis
748 2374 840 2409 istius
873 2376 992 2410 callida
1035 2378 1120 2412 ratio

415 2434 491 2466 875.
515 2450 560 2458 —
606 2430 726 2466 divisio
745 2432 875 2467 trifaria
893 2440 1005 2469 sectae
1022 2435 1119 2470 Aria-

413 2500 531 2522 norum
550 2487 632 2521 ibid.

369 2546 454 2581 Acta
480 2544 574 2578 Pilati
598 2547 678 2579 420.

370 2602 488 2636 Adurni
511 2608 595 2647 quot
618 2601 744 2636 suerint
766 2602 860 2636 liberi
886 2607 961 2638 787.

371 2658 486 2693 adami
509 2665 601 2692 aetas
626 2666 709 2704 quot
731 2670 890 2694 annorum
915 2661 979 2695 fuit
994 2665 1028 2696 4.

370 2715 487 2748 Adami
509 2715 605 2748 liberi
628 2722 663 2749 et
694 2723 835 2762 nepotes
858 2717 927 2751 eius
950 2730 991 2752 ex
1013 2719 1117 2754 Setho

413 2771 494 2804 ibid.

371 2827 513 2862 Adamas
544 2828 733 2874 designatus
769 2842 831 2875 per
860 2830 1028 2865 hominem
1052 2832 1116 2866 de-

414 2884 627 2919 scendentem
649 2886 691 2919 ab
709 2886 915 2921 Hierusalem
938 2888 971 2922 in
988 2889 1115 2923 Iericho

417 2942 492 2973 394.

371 2994 489 3029 Adami
521 2998 646 3032 creatio
681 2999 724 3033 de
755 3006 844 3034 teria
874 3004 906 3035 4.
933 3020 975 3028 —
1021 3008 1114 3035 vetus

1216 954 1421 1001 quorundam
1454 954 1498 988 de
1523 953 1642 988 Adami
1667 954 1839 991 mationa
1860 966 1918 991 re·

1216 1012 1324 1046 fututa
1348 1011 1463 1057 opinio
1487 1011 1569 1045 ibid.
1693 1014 1697 1019 ’

1173 1069 1288 1103 adami
1312 1079 1430 1102 nomen
1462 1067 1632 1102 hominem
1653 1068 1817 1114 signifieat
1838 1069 1920 1105 ibid.

1172 1125 1288 1160 Adami
1313 1137 1396 1160 uxor
1423 1137 1463 1159 ex
1486 1125 1633 1159 eiusdem
1657 1137 1800 1174 corpore
1821 1133 1857 1161 et
1878 1138 1920 1163 ex

1215 1182 1333 1216 eodem
1347 1182 1464 1216 afflatu
1477 1181 1593 1216 similis
1607 1181 1637 1216 ei
1653 1190 1828 1228 procreata
1838 1183 1919 1218 ibid.

1173 1239 1314 1274 Adamas
1337 1251 1395 1272 cur
1417 1251 1437 1273 a
1460 1238 1525 1274 deo
1549 1239 1674 1274 eiectus
1697 1239 1764 1274 ruit
1785 1239 1830 1275 dc
1855 1251 1920 1287 ps-

1215 1296 1326 1330 radiso
1351 1299 1428 1331 546.

1173 1353 1287 1387 Adami
1310 1352 1513 1399 procreatio,
1535 1351 1645 1394 liberi,
1669 1358 1762 1387 aetas
1780 1359 1814 1388 et
1830 1364 1920 1389 mors

1217 1413 1292 1444 640.

1172 1468 1313 1502 Adamas
1322 1478 1429 1512 neque
1441 1466 1591 1512 iudaeus,
1613 1477 1720 1513 neqne
1729 1466 1920 1510 idololatra,

1213 1524 1283 1565 sed,
1309 1531 1347 1557 ut
1369 1523 1554 1569 propheta,
1579 1523 1745 1559 catholiea
1763 1523 1831 1559 fide
1851 1524 1919 1559 im·

1214 1581 1312 1615 butus
1335 1583 1368 1614 6.

1171 1638 1288 1672 Adami
1310 1638 1405 1672 liberi
1427 1649 1502 1673 cum
1519 1637 1690 1672 sororibus
1708 1637 1918 1673 man-imonis

1215 1702 1450 1730 contraxerant
1472 1698 1549 1730 287.

1173 1752 1288 1786 Adami
1309 1752 1519 1797 sepulchrum
1540 1754 1632 1793 394„
1654 1758 1690 1786 et
1707 1753 1775 1786 608
1798 1751 1917 1796 (Add.)

1172 1809 1425 1843 Adamianorum
1465 1809 1609 1844 haeresis
1651 1808 1822 1854 trigesima
1859 1819 1918 1844 ιο·

1216 1866 1323 1900 cunda
1344 1873 1420 1912 post
1442 1865 1746 1908 Christianismum,
1769 1865 1840 1899 sive
1858 1878 1918 1901 or-

1215 1922 1293 1956 dine
1315 1923 1583 1969 quinquagesima
1606 1922 1752 1957 secunda
1771 1925 1848 1956 458.
1872 1942 1918 1950 -

1213 1979 1325 2025 talpae
1345 1987 1578 2025 comparantur
1595 1979 1676 2014 ibid.
1699 1998 1744 2007 —
1780 1979 1920 2014 ridicula

1213 2048 1328 2070 eorum
1361 2037 1506 2070 haeresis
1532 2036 1612 2072 ibid.
1636 2056 1681 2063 —
1725 2036 1810 2071 ritus
1832 2048 1914 2082 qna·

1213 2093 1261 2126 les
1295 2093 1361 2127 sint
1387 2096 1465 2127 459.
1500 2113 1542 2120 -
1599 2093 1656 2128 nbi
1691 2093 1918 2128 conventicula

1210 2149 1357 2184 habeant
1386 2150 1467 2185 ibid.
1505 2170 1546 2177 -
1600 2149 1680 2186 nudi
1713 2150 1917 2185 ceremonias

1213 2214 1247 2241 et
1269 2208 1428 2253 mysteria
1459 2218 1518 2241 sua
1541 2214 1728 2253 peragunt,
1761 2214 1831 2242 tam
1854 2207 1917 2242 viri

1212 2275 1311 2310 quam
1353 2264 1498 2298 feminae
1540 2263 1620 2298 ibid.
1652 2283 1698 2291 —-
1743 2264 1917 2299 ecclesiam

1211 2333 1303 2354 suam
1317 2328 1440 2355 vocant
1458 2321 1646 2355 Paradisum
1662 2319 1743 2355 ibid.
1759 2339 1804 2348 —-
1834 2333 1915 2367 qna-

1210 2377 1251 2411 lis
1287 2377 1460 2411 Paradisus
1502 2377 1690 2420 terrestris,
1738 2384 1774 2412 et
1809 2377 1916 2412 victus

1213 2434 1330 2468 Adami
1353 2442 1388 2468 et
1409 2436 1500 2468 Evae
1522 2434 1602 2468 ibid.

1168 2492 1406 2536 Aegyptiorum
1429 2491 1609 2537 primordia
1633 2493 1667 2525 8.

1167 2549 1407 2593 Aegyptiorum
1438 2549 1522 2582 ritus
1553 2560 1652 2594 quam
1681 2547 1752 2590 sint
1782 2547 1916 2583 ridiculi

1211 2608 1311 2640 1092.
1336 2625 1381 2632 -
1427 2617 1512 2651 quae
1526 2604 1616 2651 apud
1637 2616 1696 2639 eos
1712 2615 1806 2638 sam
1825 2604 1914 2638 Har-

1210 2663 1355 2708 pocratis
1378 2662 1457 2696 ibid.

1166 2719 1418 2764 Aequinoctium
1441 2725 1492 2753 est
1514 2719 1591 2753 anni
1611 2717 1743 2751 initium
1766 2720 1842 2752 814.

1165 2775 1252 2810 Aerii
1287 2775 1431 2810 haeresis
1467 2773 1733 2823 quinquagesima
1771 2774 1913 2819 septima

1206 2832 1278 2866 sive
1325 2833 1442 2866 ordine
1489 2831 1730 2878 septuagesima
1770 2832 1912 2876 septim·

1207 2892 1282 2922 904.
1307 2909 1353 2916 --
1374 2921 1381 2935 Ι
1398 2890 1550 2923 haereses
1573 2888 1660 2921 unde
1681 2893 1779 2921 natae
1800 2890 1876 2922 905.

1163 2946 1250 2979 Aerii
1271 2946 1410 2980 historia
1443 2945 1524 2979 ibid.
1546 2964 1591 2970 —
1636 2945 1816 2978 monachus
1834 2957 1909 2980 cum

1206 3003 1380 3037 Eustathio
1414 3002 1481 3039 suit
1518 3000 1598 3035 ibid.
1630 3020 1675 3028 -
1732 3002 1908 3048 presbyter
