2020 3276
418 248 599 282 mum}
622 248 706 282 un.
725 249 784 282 m.
809 249 919 283 τοΜ.
939 250 978 282 tt.
1002 249 1135 282 nnn.
1151 249 1299 282 Lxxx.
1545 242 1629 284 467

83 334 312 381 ως
352 341 428 384 qua
451 341 506 370 ex
526 328 738 370 occasione
759 342 864 371 nova
897 329 1000 370 iacta
1020 335 1082 370 est
1102 329 1253 371 erroris
1273 329 1467 371 accessio.
1529 327 1630 384 Qni-

82 396 294 441 duui-
317 409 455 439 eorum
477 395 542 452 qui
564 395 614 438 ob
635 397 822 452 gentilem
852 397 966 438 istam
992 397 1228 453 impietatem
1254 397 1450 439 interfecti
1476 398 1631 440 fuerant

83 478 252 524 nospes
281 464 402 508 certis
422 464 462 506 iu
488 464 586 507 locis
614 465 852 520 sepelientes
881 465 959 507 illic
984 466 1143 507 easdem
1172 466 1258 507 illas
1280 466 1414 508 laudes
1446 466 1632 522 hymnos·

83 546 162 591 quo
181 533 414 584 decantant,
447 539 487 574 et
505 530 774 590 Martyrianos
800 533 984 590 appellari
1010 547 1055 575 se
1078 534 1237 584 volunt,
1281 542 1440 590 propter
1465 534 1552 576 illos
1573 535 1633 577 vi-

81 601 227 647 udices
253 602 320 658 qui
348 601 400 644 ob
428 601 622 644 idolorum
652 601 798 644 cultum
829 601 1059 658 martyrium
1091 603 1282 644 fecerant.

194 668 279 715 Sed
304 683 440 713 eorum
465 683 604 712 rursus
633 669 699 712 slii
724 670 839 712 altius
870 670 1051 726 quiddam
1083 684 1154 727 pro
1176 670 1367 713 stultitiae
1389 685 1486 713 suae
1511 680 1627 728 captu
1651 675 1734 720 cap.
1755 676 1811 708 ¹¹1-

83 737 352 795 concipientes
371 739 530 789 animo,
571 752 619 780 ac
641 738 735 780 nihil
757 746 914 795 praeter
941 746 1111 780 mentem
1134 753 1243 781 suam
1267 739 1306 780 in
1329 740 1536 782 consilium
1566 741 1634 783 ad·

83 806 289 860 hibentes,
318 806 468 850 iactare
490 806 595 848 istud
615 807 702 849 ausi
724 815 839 850 sunt:
881 806 1077 859 Satanas,
1120 807 1323 862 inquiunt,
1366 823 1531 864 magnus
1551 810 1636 865 qui-

83 875 172 919 ds-
197 882 285 928 est,
317 888 363 918 sc
386 873 502 930 longe
528 875 788 927 fortissimus,
831 883 873 918 et
897 876 997 918 mala
1022 876 1306 932 quamplurima
1330 877 1553 919 hominibus
1575 878 1635 919 in-

83 942 198 1000 tigit.
257 940 345 987 Cur
378 943 497 997 igitur
530 958 607 985 non
641 944 688 985 ad
717 943 820 986 hunc
843 945 971 1001 potius
1002 945 1272 1000 confugimus,
1314 953 1354 986 et
1383 960 1470 987 eum
1495 948 1637 988 adora-

84 1024 173 1057 mus
201 1019 320 1069 utque
357 1011 506 1054 bonore
546 1012 912 1069 praedicationeque
949 1027 1207 1065 veneramur,
1251 1021 1293 1056 ut
1318 1014 1536 1056 adulatorio
1568 1015 1636 1057 illo

84 1080 193 1125 cultu
212 1080 447 1124 conciliatus
479 1094 624 1123 nocere
658 1080 837 1133 desinat,
880 1081 959 1123 imo
986 1096 1081 1123 vero
1109 1089 1312 1136 nostrum,
1355 1083 1560 1139 inquiunt,
1602 1084 1636 1125 si

87 1156 272 1207 unq-sm
296 1162 504 1192 servorum
532 1162 693 1191 suorum
721 1149 914 1192 rationem
947 1150 1092 1192 habeat
1117 1158 1157 1192 et
1181 1150 1390 1207 ignoscat?
1448 1151 1558 1207 Ergo
1582 1152 1638 1193 illi

87 1215 328 1262 Sstaniuws
356 1217 590 1274 semetipsos
626 1217 835 1274 appellant.
896 1217 1076 1274 Quorum
1104 1219 1288 1262 haeresin
1310 1235 1398 1262 cum
1423 1220 1640 1276 superiori·

86 1286 160 1330 δυ
182 1286 261 1329 illis
282 1286 331 1328 de
352 1285 493 1342 quibus
525 1286 710 1342 deinceps
739 1286 864 1328 acturi
890 1301 1025 1329 sumus
1050 1287 1362 1344 coniungendam
1397 1289 1635 1345 putavimus.

87 1350 285 1408 Quo-ism
318 1354 475 1410 utrique
505 1368 527 1396 a
552 1356 722 1396 veritate
747 1355 1015 1397 desciscentes
1050 1356 1151 1398 idem
1185 1359 1292 1398 foras
1318 1357 1558 1413 prodeundi,
1599 1364 1641 1400 et

86 1421 161 1465 sub
181 1421 247 1464 dio
268 1422 451 1479 precandi
473 1436 520 1464 ac
537 1422 703 1464 canendi
721 1423 939 1466 institutum
963 1430 1114 1466 tenent.
1176 1422 1366 1467 Ceterum
1389 1425 1486 1467 haec
1508 1426 1640 1468 omnia

87 1489 245 1534 tuditi-ii
277 1497 319 1532 et
348 1490 583 1547 ineptiarum
621 1491 851 1547 plurimum,
897 1492 1027 1533 damni
1061 1493 1156 1534 nihil
1191 1494 1397 1535 admodum
1428 1493 1637 1546 habebant,

87 1572 216 1616 neque
245 1572 271 1602 a
292 1558 460 1601 veritate
492 1566 661 1601 mentem
701 1559 897 1603 abducere
926 1567 1130 1616 poterant3
1177 1576 1253 1603 non
1297 1562 1402 1604 enim
1443 1559 1638 1605 Christia-

90 1628 156 1681 ui,
197 1627 269 1671 ssd
293 1627 391 1670 meri
416 1628 584 1684 gentiles
611 1627 869 1670 habebantur.
931 1629 1051 1684 Atqui
1087 1629 1201 1671 hodie
1225 1628 1460 1672 massaliani
1494 1645 1642 1674 vocan-

90 1703 180 1750 tur,
211 1696 351 1740 iisdem
373 1696 548 1739 moribus
571 1711 618 1739 ac
642 1697 781 1739 ritibus
802 1697 972 1749 addicti,
1006 1712 1133 1754 neque
1155 1698 1323 1750 initium,
1358 1713 1485 1754 neque
1505 1700 1638 1751 linem,

90 1778 218 1822 nequo
247 1772 388 1822 capnt,
431 1771 498 1808 aut
533 1765 703 1807 radicem
743 1765 887 1807 habent
923 1766 1064 1818 ullam,
1111 1767 1180 1808 sed
1205 1767 1291 1809 sine
1322 1768 1574 1810 fundamento
1595 1782 1642 1810 ac

93 1833 287 1892 principio
307 1847 470 1891 prorsus
494 1833 681 1876 inconditi
705 1841 823 1887 sunt,
866 1841 906 1877 et
929 1834 1167 1890 gravissimo
1191 1836 1230 1877 in
1253 1850 1391 1878 errore
1412 1843 1641 1890 versantur,

94 1908 230 1960 utpote
250 1901 317 1959 qui
336 1901 443 1945 nullo
468 1915 595 1959 neque
621 1902 817 1955 nominis,
859 1917 987 1959 neque
1011 1904 1253 1956 sanctionis,
1296 1919 1423 1961 neque
1448 1905 1641 1960 regionis,

95 1983 223 2027 neque
245 1970 373 2026 legun
407 1970 653 2013 firmamento
683 1971 923 2014 continetur.
988 1970 1045 2014 llli
1071 1971 1192 2027 igitur
1212 1973 1251 2014 in
1275 1987 1393 2015 unum
1415 1973 1543 2016 coacti
1566 1981 1644 2015 tam

94 2039 171 2082 viri
193 2052 307 2096 quam
331 2037 517 2081 mulieres
538 2039 704 2081 credere
735 2040 774 2081 in
802 2037 1004 2083 Christum
1030 2041 1237 2092 videntur,
1285 2055 1331 2083 ac
1351 2055 1395 2083 se
1417 2042 1561 2084 mundo
1580 2055 1645 2084 re·

95 2106 301 2151 nuntiasse
333 2113 376 2148 et
396 2119 467 2148 sus
500 2106 632 2148 omnia
665 2107 890 2151 deseruisse
923 2109 1170 2165 profitentur.
1233 2109 1335 2152 Tum
1366 2124 1463 2153 vcro
1498 2110 1644 2166 promi-

95 2189 192 2219 scue
213 2188 339 2218 sexus
362 2174 565 2230 utriusque
581 2175 822 2218 dormientes
844 2190 982 2219 omnes
999 2177 1037 2219 in
1054 2178 1353 2234 spatiosissimis
1370 2179 1468 2221 vicis
1485 2192 1557 2235 per
1575 2192 1643 2221 ae·

94 2250 240 2288 statem
259 2243 416 2294 iacent,
449 2242 551 2298 quod
574 2255 620 2285 se
641 2243 845 2299 quicquam
873 2244 913 2287 in
937 2252 1043 2287 terra
1065 2246 1269 2302 possidere
1294 2254 1454 2302 negent.
1514 2245 1644 2290 Soluti

97 2326 218 2371 porro
233 2326 280 2354 se
302 2311 392 2366 vagi
415 2317 531 2363 sunt,
564 2318 604 2353 et
624 2325 762 2354 manus
784 2312 832 2355 sd
856 2313 995 2369 stipem
1020 2314 1247 2370 porrigunt,
1291 2315 1452 2371 perinde
1471 2329 1518 2357 ac
1539 2315 1647 2356 victu

97 2387 141 2425 et
165 2379 419 2438 possessione
448 2387 646 2421 carentes.
707 2378 788 2422 Sed
811 2394 947 2423 eornm
979 2395 1185 2425 sermones
1207 2383 1460 2425 stoliditatem
1492 2396 1646 2424 omnem

98 2455 302 2507 superant.
374 2447 672 2504 Quemcumque
716 2448 819 2490 enim
860 2462 915 2492 ex
952 2449 1029 2491 illis
1068 2450 1404 2506 interrogaveris,
1450 2451 1566 2492 talem
1602 2463 1647 2492 se

99 2517 252 2576 qualem
275 2516 451 2560 volueris
483 2529 575 2559 esse
599 2515 799 2558 fatebitur.
861 2514 959 2560 Sive
984 2518 1209 2574 prophetam
1232 2519 1406 2571 dixeris,
1439 2518 1649 2574 prophetas

100 2599 147 2630 se
177 2598 268 2629 esse
293 2585 450 2636 dicent,
497 2585 583 2627 sive
611 2582 812 2626 Christum
837 2586 1042 2636 nomines,
1076 2583 1276 2629 Christum
1298 2600 1344 2629 se
1369 2599 1458 2628 esse
1486 2586 1649 2641 quilibet

43 2655 47 2663 '
101 2653 377 2711 mpondebitg
419 2653 505 2695 sive
540 2652 827 2709 patriarcham,
872 2652 945 2695 hoc
979 2653 1104 2710 ipsum
1134 2654 1208 2696 sibi
1238 2668 1380 2697 nomeu
1402 2654 1651 2710 impudenter

102 2721 312 2775 attribuet,
357 2721 444 2764 sive
476 2721 657 2777 angelum
693 2721 885 2777 denique,
928 2721 1042 2764 talem
1065 2735 1110 2764 se
1131 2735 1210 2764 non
1232 2721 1422 2764 dubitabit
1448 2735 1648 2765 asserere.

105 2786 144 2835 0
169 2789 408 2846 singularem
443 2789 642 2831 bominum
674 2788 921 2831 vecordiam!
984 2788 1100 2845 Quod
1133 2790 1180 2832 sd
1212 2790 1399 2832 ieiunium
1433 2804 1530 2832 vero
1560 2804 1650 2847 spe-

105 2864 206 2909 etst,
250 2858 324 2900 boc
355 2858 454 2915 apud
488 2858 576 2900 illos
614 2857 758 2899 nullum
790 2865 851 2899 est
883 2858 1059 2900 omnino.
1122 2856 1270 2900 Verum
1301 2858 1371 2900 toti
1403 2858 1587 2901 videlicet
1610 2859 1650 2901 in

105 2925 306 2968 orationes
326 2925 464 2968 intenti
489 2940 511 2968 a
533 2926 706 2968 secunda
729 2924 894 2967 tertiave
921 2925 1039 2977 hora,
1087 2925 1150 2967 vet
1173 2926 1289 2968 etiam
1315 2933 1457 2979 noctu,
1500 2926 1534 2969 si
1561 2940 1652 2970 esu·

108 2993 236 3046 risnt,
278 2992 374 3036 nihil
394 3008 472 3036 non
495 3009 564 3051 pro
586 3008 655 3037 sna
686 2994 843 3035 libidine
870 2994 1039 3044 faciunt,
1083 3008 1128 3034 ac
1149 2993 1236 3035 cibo
1260 3001 1428 3051 potuque
1453 3008 1497 3036 se
1517 2996 1652 3052 ingur-

109 3061 248 3117 gitant.
312 3059 372 3103 De
394 3062 546 3104 illorum
567 3062 804 3119 turpitudine
830 3076 876 3103 ac
897 3062 1054 3118 flagitiis
1076 3061 1168 3104 nihil
1189 3070 1300 3105 certo
1320 3063 1508 3119 comperi.
1572 3061 1652 3106 Sed

1278 3143 1381 3187 30*
