1976 3262
527 221 710 255 PANARn
731 220 817 254 me.
838 221 896 254 ΙΙΙ.
920 221 1030 255 ΤΟΜ.
1050 222 1075 255 Ι.
1099 220 1231 254 ΗΑΕΒ.
1250 219 1290 253 L.
1637 211 1683 251 11

134 308 259 359 uque
280 299 495 357 ignomnna
524 300 713 351 affectus,
757 313 885 355 aequo
919 300 1049 340 animo
1080 300 1296 349 tolerabat,
1337 305 1455 354 atque
1485 298 1539 340 ita
1559 297 1625 340 diu
1649 298 1689 340 in

134 367 333 413 &antean
348 368 626 411 communione
643 366 828 423 perstitit,
861 368 986 408 donec
1009 367 1282 409 vehementius
1300 365 1440 408 offensi
1464 365 1618 421 quidam
1639 365 1690 407 ob

135 444 213 480 e-
221 432 388 479 meses
407 436 603 478 bominem
625 435 855 477 exturbant.
901 434 979 489 Qui
1001 422 1254 544 nihilffns
1274 435 1349 476 ista
1369 434 1587 484 sustinens,
1620 433 1690 475 sed

133 505 184 548 d
203 504 414 547 veritate-
436 503 710 560 perserendam
732 503 863 544 acrius
887 502 1062 543 intentus
1176 498 1294 546 defiet.
1314 501 1470 543 interim
1492 502 1540 544 ab
1563 501 1692 543 eccle-

134 571 220 615 ἐκ
253 570 471 616 utactio-e
503 569 782 612 coniunctione
819 584 867 612 ac
895 570 1061 612 societat
1095 564 1287 634 ψει
1328 570 1471 611 divelli.
1543 567 1692 611 Verum

135 653 237 683 eum
245 637 332 696 ipae
350 652 440 681 cum
464 638 549 680 suis
574 638 801 694 vapularet,
847 645 887 679 et
911 638 1067 693 indigna
1095 637 1424 693 poteretur,l1is
1449 637 1591 678 malis
1581 650 1693 692 inge-

135 705 335 759 m‘eeene,
374 719 430 748 ex
461 706 597 748 harum
632 706 892 747 calamitatum
927 719 973 748 ac
999 705 1324 747 contumeliarum
1351 704 1538 746 violentia
1563 705 1692 747 consi-

135 773 243 818 lium
253 775 382 831 oepit.
435 771 574 828 Quare
597 773 771 829 seipsum
791 772 841 815 ab
866 772 1036 814 ecclesia
1061 773 1314 827 segregavit,
1355 779 1473 827 atque
1497 773 1551 814 ita
1574 773 1694 828 pluri-

88 843 117 899 ζ
134 841 210 885 hue
228 855 316 884 cuin
338 841 405 884 illo
428 841 740 883 desciscentibus
771 855 916 882 novum
940 841 988 882 ab
1013 854 1061 882 eo
1085 840 1294 882 divortium
1323 840 1547 882 conflatum.
1607 838 1693 883 Ne·

0 838 42 982 f
64 959 66 961 .
234 922 332 952 vero
355 909 431 951 utta
462 909 501 950 in
531 922 575 950 re
597 909 646 950 ab
673 915 780 950 recta
803 908 877 950 tide
907 907 1093 960 discedit,
1138 907 1206 949 sed
1234 908 1316 963 ipse
1340 922 1426 949 cum
1457 908 1539 949 suis
1564 907 1693 949 since-

0 983 9 1027 Ι,
134 990 220 1020 rem
245 977 288 1019 in
309 976 490 1019 omnibus
521 975 750 1031 religionem
776 975 914 1018 tenuit.
977 975 1222 1031 Quamquam
1247 983 1308 1017 est
1331 975 1510 1031 quiddam
1536 976 1693 1031 perexi-

6 1042 65 1071 ⁴⁴
134 1052 276 1101 geum,
295 1044 348 1087 in
375 1057 454 1100 qao
482 1044 597 1100 paulo
627 1043 873 1100 pervicacius
901 1043 1190 1086 conflictantur.

244 1110 362 1167 Ergo
389 1119 430 1154 et
452 1111 501 1155 de
523 1118 657 1168 petre,
699 1111 778 1154 lilio
799 1125 845 1154 ac
867 1111 1008 1168 spiritu
1034 1118 1173 1153 sancto
1203 1111 1409 1167 praeclare
1430 1119 1470 1153 et
1493 1124 1545 1153 ex
1568 1111 1695 1152 eccle·
1730 1117 1811 1161 cap.
1836 1118 1875 1149 1¹.

136 1180 222 1224 eine
242 1179 461 1225 catholicae
479 1179 724 1236 praescripto
745 1179 946 1231 sentiunt,
981 1193 1056 1221 nec
1082 1186 1350 1222 transversum
1376 1180 1424 1221 ab
1450 1193 1500 1221 eo
1523 1193 1694 1234 unguem

137 1248 373 1299 deflectant,
403 1254 446 1289 et
466 1254 528 1289 est
552 1247 743 1303 reliquum
766 1246 873 1289 vitae
892 1247 970 1290 illis
993 1248 1211 1289 institutum
1234 1261 1332 1289 sane
1353 1261 1468 1302 qnam
1491 1247 1695 1302 egregium

138 1322 181 1359 et
204 1315 502 1367 edmirandum,
550 1316 649 1357 adeo
687 1321 729 1356 ut
750 1329 828 1356 non
854 1315 938 1370 ipse
970 1315 1086 1357 modo
1111 1317 1180 1357 sed
1203 1323 1244 1357 et
1266 1315 1330 1371 qui
1353 1316 1408 1358 illi
1431 1315 1697 1358 adhaeserunt

136 1383 335 1441 epiceopi,
376 1382 621 1439 presbyteri,
665 1397 712 1424 ac
736 1382 877 1437 reliqui
911 1397 1050 1425 omnes
1075 1385 1124 1424 de
1152 1397 1335 1425 manuum
1369 1397 1527 1426 suarum
1560 1383 1695 1425 labore

135 1451 334 1495 victitent.
395 1448 659 1506 Posteaquam
678 1463 774 1492 vero
795 1451 844 1493 ab
864 1451 1032 1493 ecclesia
1053 1451 1187 1507 pulsus
1211 1459 1288 1504 est,
1321 1451 1370 1493 ab
1392 1451 1577 1508 episcopo
1599 1465 1696 1506 quo-

136 1520 251 1571 de·‚
293 1518 358 1574 qui
377 1518 428 1561 ob
449 1519 607 1561 easdem
630 1518 908 1560 contentiones
931 1520 979 1560 ab
1002 1519 1170 1561 ecclesia
1194 1526 1442 1571 recesserat,
1486 1519 1695 1576 episcopus

137 1586 341 1630 efficiam
362 1593 440 1628 est.
502 1584 653 1629 Verum
679 1593 720 1628 ut
742 1586 790 1627 ab
813 1586 886 1628 hoc
910 1587 1144 1629 diverticulo
1178 1588 1224 1628 ad
1250 1587 1340 1628 illud
1366 1589 1610 1629 tractandum
1635 1601 1697 1630 me

137 1655 310 1698 reseram
332 1654 436 1710 quod
456 1667 566 1697 eram
584 1668 816 1710 aggressus,
843 1655 1045 1696 sciendum
1071 1662 1133 1696 est
1154 1656 1344 1711 quandam
1367 1655 1456 1696 illos
1477 1656 1697 1711 scripturae

138 1736 278 1767 venen
302 1722 464 1765 duriore
501 1723 669 1778 quodam
703 1729 741 1764 et
766 1722 1010 1779 imperitiore
1037 1723 1152 1764 modo
1185 1730 1226 1765 et
1246 1736 1344 1764 vero
1375 1723 1616 1779 pertinacius
1637 1724 1697 1765 in-

137 1790 365 1848 wrpreteri.
405 1789 512 1833 Nam
531 1790 633 1846 quod
655 1793 708 1831 ad
724 1794 923 1844 imaginem
942 1793 1001 1832 dei
1022 1798 1175 1832 creatus
1193 1791 1373 1832 Adamus
1393 1790 1551 1844 dicitur,
1584 1804 1697 1847 prae-

138 1859 264 1902 fracte
294 1857 351 1901 illi
379 1859 632 1901 referendum
668 1859 716 1901 ad
746 1872 891 1915 corpus
923 1859 1171 1902 existimant.
1233 1856 1333 1901 Cum
1370 1858 1474 1901 enim
1510 1859 1698 1915 scriptum

137 1926 215 1979 eit,
244 1929 447 1970 Faciamus
468 1928 651 1967 homiuem
674 1929 728 1968 aa
749 1930 950 1980 imaginem
971 1935 1140 1968 nostram
1165 1934 1204 1967 et
1226 1929 1529 1976 umilitudae'nem,
1563 1927 1694 1969 statim
1714 1936 1790 1965 Gen.
1814 1936 1839 1971 ι,
1856 1937 1900 1965 τι.

136 1994 232 2038 illud
253 1994 482 2046 subiicitur,
526 1995 640 2037 deum
670 2003 826 2051 sumpto
848 1996 896 2037 de
919 2002 1024 2037 terra
1048 1996 1211 2051 pulvere
1242 1995 1437 2037 hominem
1464 1995 1694 2037 fabricasse.
1716 2005 1795 2033 cen.
1813 2005 1840 2040 ²,
1857 2004 1884 2032 τ.

138 2060 242 2107 Cum
265 2062 386 2118 igitur
413 2062 608 2104 bominem
636 2064 684 2106 de
709 2071 814 2105 terra
850 2065 1054 2105 formatum
1088 2070 1268 2114 asserat,
1314 2063 1423 2105 vides
1456 2070 1577 2104 totum
1607 2063 1698 2104 illud

139 2143 163 2173 e
190 2137 300 2173 terra
333 2130 544 2172 conflatum
574 2131 782 2174 verissime
814 2131 1009 2173 bominem
1042 2132 1192 2173 vocari.
1255 2130 1322 2173 Ex
1350 2145 1428 2186 quo
1450 2131 1627 2186 sequitur
1650 2130 1699 2171 de

141 2206 303 2242 temno
333 2197 402 2240 illo
437 2199 679 2253 praedictum
712 2200 796 2241 fore
829 2206 870 2241 ut
897 2200 945 2242 ad
973 2200 1184 2255 imaginem
1214 2199 1275 2241 dei
1301 2201 1554 2241 conderetur.
1617 2197 1699 2240 Ve-

140 2279 225 2311 rum
249 2272 314 2309 eat
334 2266 450 2317 illud,
492 2266 547 2307 uti
579 2266 687 2319 dixi,
732 2267 847 2323 paulo
869 2268 1006 2310 durius
1030 2282 1077 2309 ac
1101 2268 1339 2323 simplicius,
1386 2266 1549 2308 definire
1576 2266 1699 2308 homi-

139 2347 231 2377 ne·
253 2334 403 2379 audere
434 2347 598 2389 quanam
624 2334 663 2376 in
686 2334 854 2377 bominis
885 2343 995 2391 parte
1028 2336 1078 2378 sit
1103 2335 1287 2391 imaginis
1311 2335 1375 2377 illa
1401 2335 1612 2377 constituta
1636 2348 1700 2376 ra·

139 2402 220 2454 tio,
265 2402 300 2445 ei
338 2408 468 2444 tamen
500 2402 763 2458 appellatione
797 2404 920 2460 partis
953 2405 1140 2446 utendum
1163 2410 1246 2454 est,
1291 2417 1340 2445 eo
1371 2403 1472 2458 quod
1506 2402 1697 2458 plerique,

139 2470 243 2527 quod
263 2470 312 2513 ed
333 2469 435 2512 banc
454 2484 593 2512 vocem
618 2471 781 2520 attinet,
823 2471 1022 2514 bominum
1046 2471 1327 2527 intelligentiae
1350 2469 1543 2524 refragari
1563 2470 1699 2510 viden-

139 2545 226 2588 tur.
257 2551 306 2580 ec
326 2536 449 2580 variis
473 2538 771 2594 quaestionibus
796 2538 1000 2595 implicari.
1061 2538 1168 2582 Nam
1191 2546 1259 2581 aut
1283 2538 1560 2594 aspectabilem
1584 2538 1698 2579 deum

140 2605 330 2649 faciemus
360 2619 407 2648 ac
434 2620 693 2663 corporeum,
737 2606 831 2649 siin
859 2620 1024 2662 corpore
1054 2614 1192 2650 nostro
1220 2619 1409 2662 corporea
1445 2606 1605 2661 perinde
1636 2620 1700 2648 ra-

141 2674 250 2717 tione
270 2688 317 2717 ac
341 2674 464 2730 ligura
496 2674 716 2717 istiusmodi
751 2675 960 2729 imaginem
985 2675 1250 2717 collocandam
1276 2681 1479 2728 putemus,
1525 2681 1593 2715 aut
1612 2688 1698 2716 cum

142 2742 218 2786 dee
240 2742 436 2784 bominem
457 2742 784 2798 adamunbimus,
829 2742 862 2783 si
888 2742 984 2784 baec
1004 2756 1188 2786 asserere
1212 2742 1395 2784 velimus.
1457 2739 1592 2796 Quare
1621 2757 1698 2784 nou

144 2817 206 2853 est
236 2810 316 2853 ullo
346 2810 462 2851 modo
494 2810 754 2853 deliniendum
789 2817 855 2852 aut
886 2811 1152 2853 affirmandum
1187 2823 1350 2864 quanam
1373 2809 1412 2850 in
1439 2817 1548 2866 parte
1569 2810 1698 2866 imago

183 2945 219 2980 2.
250 2946 329 2989 περὶ
362 2945 403 2983 δί
433 2939 473 2981 οὗ
505 2949 685 2987 auspicatus
715 2951 759 2980 m
794 2947 904 2980 Peleu.
995 2945 1028 2980 3.
1052 2957 1101 2991 τῳ
1126 2955 1185 2978 σω.
1211 2947 1261 2979 ed.
1285 2946 1395 2979 Peneo.
1429 2947 1535 2979 colon.
1558 2949 1698 2988 repetite.

142 2991 576 3026 emortuam-mcum
558 2991 905 3036 nensmdqodicere
996 2989 1411 3035 swaecxoetooaenmuq

142 3035 275 3083 incepi,
301 3048 364 3083 qna
345 3036 535 3082 undequied
518 3047 570 3069 em
594 3040 660 3070 eett.
