2020 3276
422 222 608 257 Ριιιιιιιι
631 221 718 256 me.
735 222 793 255 ιιι.
815 221 927 256 τοις.
947 221 973 255 ι.
995 221 1130 256 naun.
1150 221 1309 255 Lxxvt.
1545 207 1627 252 283

85 303 351 355 mbo-nt
368 315 471 359 quae
494 302 673 358 dignitati
696 301 801 343 illius
822 308 890 342 aut
915 301 1067 342 laudem
1100 300 1508 358 praedicationemque
1534 311 1629 340 eon-

83 378 244 431 μ
302 368 500 414 Nimirum
538 370 604 412 uni
631 383 679 412 ac
701 369 890 425 singulari
918 368 1140 421 divinitati,
1186 383 1261 411 una
1286 369 1392 421 laus,
1433 374 1474 409 et
1495 366 1630 423 siugu-

84 438 331 485 Db‘ltouor
349 439 622 482 attribuendus
647 445 734 480 esta
772 441 821 480 Ul
843 440 1031 479 honorent
1036 439 1192 491 filium
1232 441 1334 478 secut
1351 439 1542 478 honorent
1558 449 1629 489 pe-
1659 445 1732 518 1⁵0·
1712 453 1763 508 ἐ.

85 510 204 559 m,
244 514 300 551 et
313 516 356 549 ut
378 521 431 550 ne
453 506 778 550 contumeliosum
815 507 995 562 quiddam
1026 506 1066 547 in
1093 506 1270 560 spiritum
1296 506 1463 557 iaciant,
1505 505 1628 546 inter-

83 575 336 625 min
359 576 465 618 iilam
485 575 626 628 veriti,
659 589 757 632 quae
778 573 997 617 istiusmodi
1023 573 1179 624 scelus,
1212 574 1266 615 uti
1294 588 1364 630 par
1385 580 1467 626 est,
1498 587 1567 614 nee
1587 575 1627 614 ιἰι
1671 580 1785 651 alting-

77 647 280 702 Μ
298 646 472 694 neeule,
515 659 583 687 nec
607 647 646 685 in
662 645 805 699 sulm
822 645 1105 684 condonandum
1133 642 1314 683 edicitur.
1377 639 1512 696 Quare
1537 640 1632 683 nibil

82 713 323 759 ieiunante
350 713 526 769 cogitare
559 713 783 763 diversum,
826 725 952 767 oeque
982 711 1092 753 salva
1119 711 1263 766 pictate
1289 711 1438 752 sentire
1460 718 1528 752 aut
1549 709 1634 766 opi-

84 781 173 830 mi
193 781 302 825 Suet.
362 778 512 823 Verum
539 788 577 822 et
599 781 638 823 in
662 788 772 837 patre
806 787 981 836 patrem,
1026 786 1065 820 et
1084 779 1123 820 in
1146 777 1225 820 tilio
1248 778 1389 828 filium,
1432 785 1473 820 et
1495 779 1534 820 iu
1555 778 1634 835 spi·

84 852 164 898 rii·
185 858 325 895 mm
348 850 526 907 spiritum
555 855 733 891 sanctum
766 861 983 905 agnoscere
1011 862 1085 890 nos
1109 854 1280 904 oportet.
1345 846 1459 888 Hunc
1486 846 1524 888 in
1549 861 1632 888 mo-

84 919 394 978 dunproflteri,
427 918 536 960 etita
561 932 614 960 ex
635 918 693 959 rei
721 917 888 959 veritate
911 916 1084 959 iudicare
1106 930 1272 958 necesse
1293 922 1377 966 est,
1419 930 1489 972 pro
1509 929 1558 956 eo
1585 929 1631 956 ac

86 995 397 1033 mucuns
424 994 488 1028 est
517 987 583 1028 uni
612 986 776 1028 trinitati
809 985 1052 1028 adorationis
1077 985 1266 1041 praebere
1298 984 1442 1026 cultum
1472 992 1512 1026 et
1531 984 1634 1026 illius

88 1049 592 1111 ndutaen'aguoscere.
655 1053 791 1110 ltaque
820 1068 894 1096 nee
915 1054 1129 1110 ingenitum
1153 1068 1251 1110 opus
1275 1053 1392 1095 babet
1410 1053 1560 1108 genito,
1593 1059 1636 1094 ut

89 1125 233 1183 &quid
256 1132 423 1168 naturae
444 1137 542 1165 suae
563 1124 765 1172 conferat,
811 1123 974 1179 eiusque
999 1124 1087 1165 dum
1111 1122 1233 1179 ipsam
1255 1122 1430 1164 declarat
1452 1121 1636 1178 quodam-

88 1194 205 1237 modo
234 1207 378 1236 caussa
408 1199 641 1242 censeatur,
688 1205 814 1247 neque
841 1191 962 1247 geniti
996 1191 1213 1234 substantia
1240 1191 1442 1246 ingenitae
1471 1197 1636 1233 naturae

91 1269 177 1314 est,
207 1268 278 1304 aut
305 1261 449 1303 dicitur
477 1261 651 1302 affectio.

209 1328 263 1373 ΙΙ.
326 1327 481 1387 Quippe
505 1329 659 1371 trinitas
681 1329 738 1370 rei
761 1328 902 1370 nullius
923 1317 1096 1383 indiget,
1130 1342 1203 1370 nec
1225 1328 1342 1371 ullius
1365 1327 1634 1370 accessionem

88 1399 275 1457 pustulat.
335 1395 437 1441 Cum
463 1397 567 1439 enim
602 1396 755 1439 trinitas
788 1397 838 1438 ab
867 1404 1033 1439 aeterno
1071 1397 1213 1448 fuerit,
1257 1411 1345 1438 cuin
1386 1397 1478 1438 nihil
1510 1396 1635 1438 adhuc

87 1474 310 1513 eneatam·
339 1480 471 1508 rerum
500 1465 716 1516 existeret,
759 1479 838 1507 non
867 1466 1016 1508 idcireo
1050 1473 1207 1516 tamen,
1250 1480 1327 1522 qno
1360 1465 1468 1508 velut
1494 1465 1636 1506 sortito

110 1535 121 1545 ⁴
87 1535 163 1580 '
87 1533 327 1592 nhatiqnid
351 1534 535 1585 eederet,
578 1541 647 1575 aut
676 1548 802 1575 novae
828 1534 993 1576 alicuius
1016 1534 1311 1590 appellationis,
1355 1534 1417 1576 vel
1441 1534 1488 1575 ad
1511 1532 1637 1588 digni-

88 1611 210 1648 tote-
229 1617 342 1649 suatn
363 1602 608 1645 accessionis
628 1616 788 1659 compos
810 1603 947 1655 lieret,
980 1617 1109 1644 rerum
1130 1602 1301 1644 omnium
1324 1602 1637 1659 procreationem

86 1673 141 1716 iu
150 1672 324 1716 anime·
344 1671 507 1714 induxit
534 1678 671 1737 pater,
703 1673 804 1712 adeo
829 1681 871 1713 ut
894 1671 1046 1713 coelum
1073 1678 1320 1727 terramque,
1355 1679 1394 1713 et
1419 1670 1637 1748 aspectabi-

87 1739 312 1794 bunia,
343 1753 468 1797 eaque
489 1753 590 1796 quae
615 1739 741 1782 visum
764 1740 940 1796 fugiunt,
975 1754 1045 1797 per
1068 1740 1184 1782 fitium
1208 1747 1385 1791 crearet,
1428 1739 1637 1795 omniaque

87 1823 190 1867 quae
217 1809 454 1852 condiderat
484 1808 625 1864 spiritu
656 1822 730 1850 suo
762 1808 1064 1859 corroboraret,
1109 1823 1185 1865 qno
1214 1823 1268 1851 ex
1296 1809 1360 1850 illa
1394 1808 1637 1850 conditarum

88 1891 220 1922 rerum
241 1877 467 1929 creatione,
499 1890 739 1933 operumque
763 1877 1019 1919 fabricatione
1045 1877 1226 1933 aliquid
1216 1893 1255 1919 ιιι
1282 1878 1404 1934 patris
1434 1877 1638 1919 utilitatem

89 1946 344 1997 redundaret,
377 1945 441 2001 qui
464 1952 622 1987 creator
641 1953 681 1986 et
702 1946 850 1987 artifex
873 1946 1164 1998 nominaretur,
1197 1946 1261 1989 vel
1284 1945 1503 1988 accessisse
1525 1945 1640 1987 intel-

89 2014 281 2072 ligeretur
300 2013 348 2057 ad
373 2012 515 2064 filium,
549 2027 619 2069 per
641 2027 778 2069 qucm,
813 2022 853 2055 ct
872 2028 895 2056 a
918 2029 996 2070 quo
1018 2022 1176 2056 creatae
1201 2029 1266 2057 res
1291 2015 1502 2071 productae
1528 2021 1636 2065 sunt,

88 2083 155 2127 vei
177 2081 347 2138 denique
366 2081 414 2124 ad
435 2081 615 2138 spiritum
640 2088 819 2124 sanetum
834 2115 845 2134 ‚
889 2083 953 2139 qui
977 2083 1114 2125 eadem
1135 2083 1200 2126 illa
1223 2083 1483 2125 confirmavit.
1544 2081 1639 2124 Non

88 2150 266 2195 euim-ab
290 2149 498 2193 affectione
522 2150 650 2206 aliqua
672 2163 892 2193 conversus
922 2152 961 2193 in
990 2151 1154 2194 alteram
1177 2153 1297 2203 deus,
1329 2158 1370 2194 et
1394 2159 1533 2194 natura
1551 2151 1642 2194 sub·

89 2218 312 2276 stantiaque
349 2226 542 2269 mutatus,
587 2218 697 2260 velut
728 2218 1033 2274 cogitabundus,
1080 2227 1148 2263 aut
1179 2222 1226 2262 ad
1259 2220 1372 2263 aliam
1403 2220 1638 2262 sententiam

89 2287 316 2340 traduetue,
358 2300 459 2343 quae
490 2285 647 2329 molitus
675 2293 736 2327 est
757 2286 904 2329 effecit.
967 2286 1122 2346 Quippe
1148 2290 1213 2346 qui
1243 2290 1280 2331 in
1309 2303 1401 2331 sese
1430 2289 1641 2330 fabricandi

90 2356 173 2399 vi-
204 2355 383 2399 babuerit
410 2368 591 2410 semper,
639 2367 804 2410 eamque
839 2356 1076 2411 perfectam,
1123 2371 1196 2399 nee
1225 2358 1312 2399 ullis
1336 2356 1487 2413 gloriae
1513 2357 1642 2398 incre·

88 2424 236 2468 mutia
263 2424 500 2479 augendam.
562 2421 762 2478 Quocirca
784 2425 1128 2479 quemadmodum,
1171 2439 1257 2468 cum
1284 2427 1331 2467 de
1353 2425 1497 2467 creatis
1523 2425 1642 2467 rebus

92 2492 270 2549 agina,
318 2491 397 2534 tale
418 2492 598 2548 quiddam
622 2492 670 2532 de
691 2491 764 2532 deo
790 2492 982 2546 suspicari
1010 2495 1144 2545 nefas,
1187 2494 1297 2550 quasi
1328 2494 1484 2536 divinae
1505 2507 1642 2535 essen-

0 2595 3 2611 ;
90 2561 169 2604 tiu
193 2560 423 2618 gloriaeque
446 2560 631 2603 maiestas
664 2559 748 2600 eius
774 2558 996 2603 affectionis
1021 2561 1298 2618 dignitatisque
1326 2562 1402 2613 sit,
1449 2575 1549 2617 quae
1571 2561 1641 2603 ali·

88 2628 181 2686 qaid
202 2629 455 2672 extrinsecus
481 2628 680 2670 vindicare
703 2626 777 2668 sibi
803 2627 948 2683 possit,
980 2628 1034 2671 ita
1057 2636 1098 2671 et
1120 2630 1359 2672 refellendus
1381 2629 1457 2671 erit
1479 2629 1637 2680 Aetius,

0 2727 4 2739 ,-
89 2696 157 2753 qui
179 2696 542 2741 ratiocinationibus
574 2696 656 2737 suis
690 2695 861 2736 divinam
895 2702 1072 2739 naturam
1111 2697 1443 2754 comprehendere
1478 2698 1640 2753 cupiens

0 2782 7 2802 ῑ
92 2763 255 2822 ingeniti
289 2765 487 2821 genitique
521 2763 821 2822 proprietatibus
848 2762 1020 2805 abutitur
1047 2779 1094 2806 ea
1122 2765 1407 2822 disputatione,
1451 2780 1566 2821 quam
1592 2766 1638 2808 de

133 2878 169 2915 8.
194 2882 242 2913 aa
265 2878 395 2914 utrm?
886 2878 1099 2912 emendation·
1125 2880 1258 2957 Pdgvtt.
1306 2881 1478 2915 σοποήιιι
1498 2883 1588 2915 vertit
1609 2887 1642 2915 et

92 2942 93 2946 =
134 2921 170 2959 9.
190 2925 242 2959 ltu
258 2928 457 2958 manunt
480 2925 691 2958 emortus«
670 2927 762 2980 atqua
782 2924 840 2957 Pe·
887 2922 940 2955 ide
922 2934 973 2955 em
998 2934 1062 2956 οιιι
1064 2935 1130 2967 ιιι
1133 2924 1179 2956 ι
1224 2924 1267 2957 «el
1290 2924 1358 2957 filio
1382 2924 1452 2958 inte
1432 2925 1597 2970 elligatur.

90 2970 206 3004 tentus.
250 2970 284 3003 lu
305 2970 394 3002 tibris
415 2971 509 3011 eatae
531 2971 703 3011 tenuere
665 2981 703 3004 ου
938 2969 984 3001 ll.
1010 2936 1201 3024 μιταβολήἱ
1234 2973 1386 3010 ammenti
1416 2975 1487 3005 aunt
1519 2951 1639 3006 Gerae-

140 3014 191 3049 1⁰.
225 3027 271 3059 η,
303 3015 388 3056 quod
407 3017 502 3057 vulgo
524 3016 627 3055 obeat,
658 3016 781 3056 repom·
802 3023 841 3047 e:
885 3015 1000 3093 zavan-m
974 3015 1069 3053 (certe
1094 3026 1121 3049 ιι
1143 3019 1231 3049 vertit
1263 3016 1498 3060 mutationem)
1527 3021 1556 3052 et
1581 3020 1640 3053 Pe·
