1976 3262
470 205 652 242 PANARtt
676 204 761 240 Lm.
777 205 836 239 ut.
860 205 970 240 ToM.
987 206 1013 239 1.
1038 204 1172 240 HAER.
1189 203 1332 239 Lxxtt.
1617 194 1670 234 57

444 380 508 415 ΒΧ
531 379 675 423 ᾼΟΔΕΠ
699 375 832 413 Ltmt'o
856 377 1037 411 CONTRA
1060 377 1355 412 MARCELLUM.

242 460 355 506 Haec
376 467 417 504 et
436 460 498 503 bis
517 459 657 503 similia
679 456 894 501 Marcellus
917 457 1103 514 quaedam
1139 465 1274 499 contra
1298 458 1410 499 deum
1430 455 1563 512 iniqua
1583 468 1673 512 gar·
1697 463 1778 509 cap.
1797 462 1852 495 vt.

130 530 263 584 tiene,
294 537 337 573 et
360 529 399 572 in
420 528 584 572 sublime
607 541 730 570 cornu
752 540 864 568 suum
887 525 1070 581 erigens,
1117 532 1205 581 post
1234 539 1344 566 suam
1379 525 1481 567 illam
1512 538 1674 582 prover-

126 598 281 643 biorum
307 598 624 655 depravationem
651 595 779 653 potius
809 609 924 651 quam
946 592 1309 649 interpretationem
1335 593 1551 636 subiunxit.
1612 592 1674 635 Ae

128 667 295 726 primum
313 666 411 709 baec
433 664 583 708 Asterii
605 664 725 706 verba
749 663 951 720 proponit:
987 662 1099 704 Alius
1127 668 1189 703 est
1210 661 1311 702 enim
1334 669 1463 716 pater,
1500 662 1563 718 qui
1590 661 1674 703 uui-

128 750 217 780 σιω
236 749 292 779 ex
314 734 447 792 seipso
469 733 587 776 lilium
610 731 771 775 verbum
796 732 957 788 genuit,
999 733 1291 784 prirnogem‘tum
1311 739 1509 771 creaturae
1537 733 1669 780 omnes,
1693 747 1760 777 cot.
1779 748 1806 783 ι,
1825 746 1866 776 1⁵.

126 803 237 848 eolat
257 802 410 854 solum,
451 803 647 859 perfectus
673 802 913 857 perlectum,
957 813 1030 841 rex
1054 812 1211 854 regem,
1255 798 1434 839 dominus
1458 799 1671 849 dominum,

128 867 228 925 deus
246 872 384 924 deum,
426 871 625 913 essentiae
651 869 882 924 consiliique
906 867 991 919 sui,
1024 881 1070 909 ac
1095 865 1253 908 virtutis
1275 874 1315 908 et
1339 866 1487 923 gloriae
1510 867 1612 909 nulla
1635 867 1675 909 in

129 955 174 985 ω
195 939 484 997 discrepantem
515 938 739 994 imaginem.
801 934 956 992 Quibus
987 937 1026 978 in
1052 935 1190 978 mediis
1215 934 1392 977 adductis
1421 935 1493 977 hoc
1520 936 1675 991 potissi-

0 935 6 1083 Ξ
129 1023 233 1054 nnn
266 1006 465 1060 offensus,
508 1007 609 1063 quod
639 1008 747 1047 nulla
780 1009 819 1046 in
848 1020 892 1047 re
918 1008 1190 1059 dexte-reponam
1223 1007 1422 1058 imaginem
1455 1004 1673 1061 appellarit,

130 1077 206 1121 hoe.
227 1083 293 1120 eet
309 1075 466 1119 divinae
489 1075 687 1117 essentiae
710 1089 756 1116 ae
781 1080 1002 1115 ceterorum
1026 1073 1197 1115 omnium
1230 1086 1460 1129 expressam
1475 1104 1486 1124 ,
1529 1080 1569 1114 et
1594 1072 1677 1114 evi-

130 1145 286 1189 dentem
316 1144 548 1201 imaginem,
594 1142 812 1185 istiusmodi
845 1141 1080 1184 sententiam
1115 1141 1407 1198 improbandam
1442 1155 1531 1184 esse
1564 1140 1673 1194 dicit,

128 1221 247 1272 atque
282 1213 390 1256 bisce
426 1211 559 1255 verbis
593 1218 779 1268 quantum
817 1210 892 1252 sibi
924 1210 992 1252 illa
1034 1209 1265 1267 displiceant
1305 1209 1491 1252 ostendit.
1566 1209 1675 1252 Haec

130 1281 282 1327 &terii
312 1280 435 1324 verba
471 1280 678 1322 manifeste
712 1294 872 1336 pravam
906 1279 991 1321 eius
1024 1279 1070 1320 de
1105 1279 1308 1321 divinitate
1339 1279 1577 1321 sententiam
1611 1294 1675 1321 ar-

129 1342 269 1409 guunt.
330 1347 488 1392 Etenim
520 1348 583 1404 qui
609 1348 691 1390 lieri
719 1355 847 1405 potest
870 1355 912 1389 ut
932 1347 1111 1389 dominus
1133 1362 1178 1388 ac
1202 1348 1299 1389 deus
1323 1347 1411 1399 ille,
1445 1347 1509 1404 qui
1535 1347 1588 1390 sit
1607 1362 1676 1404 ge-

128 1418 260 1470 nitu,
292 1425 334 1461 nt
357 1417 524 1474 ipsemet
546 1424 661 1458 antea
685 1417 866 1473 scripsit,
899 1416 960 1458 dei
982 1416 1112 1471 imago
1133 1417 1371 1458 censeatur?
1431 1416 1548 1458 Aliud
1573 1417 1676 1458 enim

128 1494 192 1534 eet
211 1485 341 1542 imago
367 1485 453 1536 dei,
486 1484 590 1527 aliud
618 1486 729 1526 deus.
794 1483 929 1540 Quare
951 1485 984 1526 si
1007 1484 1138 1540 imago
1161 1485 1221 1526 dei
1245 1492 1329 1537 est,
1366 1499 1444 1527 non
1467 1491 1528 1526 est
1555 1485 1677 1527 domi-

128 1569 205 1599 nes
230 1561 300 1597 ant
330 1553 452 1606 dena,
480 1554 565 1596 sed
602 1553 732 1610 imago
761 1552 906 1594 domini
939 1567 984 1593 ac
1006 1553 1084 1594 dei.
1147 1551 1219 1595 Sin
1244 1567 1384 1595 revera
1416 1553 1595 1596 dominns
1616 1561 1679 1595 est

129 1638 179 1674 ae
210 1624 332 1675 dens,
380 1622 446 1679 qui
470 1621 662 1664 eiusmodi
690 1628 774 1671 est,
819 1621 879 1662 dei
905 1636 951 1663 ac
975 1622 1119 1663 domini
1157 1622 1287 1678 imago
1314 1635 1403 1663 esse
1427 1636 1505 1663 non
1531 1629 1674 1679 potest.

131 1689 276 1741 Subdit
294 1698 455 1749 postea:
498 1689 610 1732 Nihil
641 1690 760 1746 igitur
781 1689 935 1731 illorum
951 1722 962 1741 ‚
1013 1704 1113 1746 quae
1138 1690 1243 1741 dixi,
1286 1704 1377 1732 csse
1401 1697 1507 1746 putat
1533 1691 1674 1747 ipsum,

0 1802 9 1823 s
130 1775 218 1804 enm
241 1773 378 1802 eorum
402 1759 610 1816 imaginem
643 1772 733 1800 esse
761 1758 933 1799 deliniat.
996 1756 1108 1801 Unde
1133 1758 1166 1799 si
1189 1758 1388 1800 essentiae
1412 1758 1521 1800 verbi
1551 1760 1677 1815 gratia

0 1832 11 1975 ἱ
125 1827 260 1886 imago
280 1829 357 1880 sit,
404 1828 570 1885 ipsamet
602 1827 776 1869 essentia
812 1841 890 1868 non
923 1826 1022 1879 erit,
1066 1840 1192 1882 neque
1224 1826 1257 1869 si
1279 1826 1433 1869 consilii
1456 1828 1508 1869 sit
1528 1828 1674 1884 imago,

125 1897 335 1955 ipsummet
355 1910 446 1940 esse
470 1896 675 1938 consilium
699 1895 856 1952 poterit.
919 1893 965 1938 Si
992 1895 1149 1936 virtutis
1174 1901 1234 1936 est
1257 1894 1410 1950 imago,
1455 1896 1579 1938 virtus
1599 1912 1675 1939 non

0 1978 5 1982 ’
127 1972 215 2018 eat,
257 1978 384 2022 neque
403 1963 553 2020 gloria,
596 1965 630 2006 si
654 1964 768 2007 huius
790 1963 919 2020 imago
941 1964 1007 2006 sit.
1073 1961 1206 2019 imago
1238 1963 1341 2005 enim
1377 1978 1454 2007 non
1475 1965 1561 2017 sui,
1607 1966 1675 2007 sed

0 1988 11 2094 l
129 2033 295 2079 alicuius
325 2033 489 2076 alterius
518 2039 595 2075 est.

0 2100 10 2155 ἱ
184 2152 186 2156 .
241 2099 354 2145 Haec
381 2108 447 2154 tu,
479 2099 692 2152 Marcelle,
737 2101 883 2152 verba,
926 2115 1013 2142 cum
1035 2107 1153 2142 anteo
1177 2101 1288 2143 initio
1312 2101 1399 2144 libri
1427 2103 1675 2146 collaudave-
1701 2117 1780 2162 Cap.
1808 2118 1879 2151 vll.

0 2166 10 2184 Ι

128 2171 208 2223 rie,
250 2184 355 2213 nune
388 2177 518 2212 autem
547 2169 756 2221 inlicieris,
804 2169 985 2211 nimirum
1015 2170 1127 2211 deum
1153 2183 1206 2211 ex
1229 2170 1304 2211 deo
1328 2170 1491 2213 verbum
1515 2186 1605 2214 esse
1634 2173 1676 2213 li-

129 2239 247 2292 lium,
278 2245 319 2281 et
348 2238 474 2280 solum
504 2251 556 2279 ex
577 2238 686 2289 solo,
729 2246 768 2279 et
792 2251 842 2279 ex
870 2238 1044 2294 perfecto
1066 2239 1307 2296 perfectum,
1352 2240 1558 2296 perspicue
1580 2241 1676 2283 sini-

127 2315 249 2352 etram
277 2313 381 2350 tuam
411 2306 460 2349 de
479 2306 682 2348 divinitate
710 2306 947 2348 sententiam
980 2307 1147 2361 detegis.
1209 2303 1388 2363 Cumque
1410 2309 1537 2364 magni
1569 2309 1677 2365 regis

128 2376 338 2433 imaginem
362 2375 521 2432 capiens
547 2374 654 2426 vita,
700 2374 925 2427 divinitate,
970 2375 1160 2427 consilio,
1203 2379 1399 2433 potentia,
1432 2377 1579 2433 gloria,
1613 2392 1676 2419 es-

129 2443 258 2489 sentia
292 2443 460 2500 denique
491 2443 698 2501 spoliariS,
741 2443 880 2498 dignus
911 2457 955 2485 es
985 2444 1046 2485 cui
1087 2443 1202 2501 impia
1239 2446 1369 2502 lingua
1409 2446 1672 2503 praecidatur,

134 2512 443 2572 qnandoquidem
481 2511 790 2554 consceleratam
821 2511 860 2552 in
882 2511 995 2554 deum
1025 2526 1162 2555 vocem
1190 2513 1317 2555 iecisti
1340 2529 1385 2556 ac
1411 2522 1487 2556 tam
1514 2515 1676 2557 sacrile-

0 2591 7 2632 ῑ
128 2596 221 2639 gum
241 2581 360 2624 enimi
381 2595 539 2623 sensum
561 2587 759 2636 postremo
785 2579 1002 2635 prodidisti.
1064 2579 1166 2623 Nam
1188 2582 1252 2638 qui
1275 2582 1336 2624 dei
1362 2583 1568 2637 imaginem
1592 2598 1674 2626 mu-

130 2658 207 2694 tam
229 2664 276 2692 ac
296 2650 375 2692 vita
398 2656 598 2691 carentem
621 2648 786 2699 tinxisti,
819 2648 917 2690 banc
941 2655 980 2690 tu
1000 2662 1126 2705 neque
1148 2651 1360 2702 dominum,
1394 2665 1520 2707 neque
1541 2652 1672 2704 deum,

130 2732 203 2762 nee
225 2717 463 2769 essentiam,
495 2731 568 2759 nec
597 2716 828 2767 eonsilium,
862 2730 988 2773 neque
1013 2717 1212 2770 virtutem,
1246 2733 1374 2775 neque
1396 2719 1560 2776 gloriam
1584 2734 1675 2763 esse

129 2786 302 2839 indicae,
342 2786 411 2829 sed
438 2786 575 2828 borum
603 2786 775 2827 omnium
802 2785 1035 2828 immobilem
1065 2785 1256 2841 effigiem,
1302 2801 1402 2843 quae
1429 2802 1502 2830 nec
1526 2790 1669 2841 anima,

129 2867 258 2912 neque
280 2853 360 2897 vita
382 2854 552 2912 praedita
577 2854 652 2903 sit,
693 2853 801 2895 velut
834 2853 940 2895 fons
964 2855 1181 2910 expositam
1209 2854 1435 2908 arbitraris,
1478 2864 1595 2914 atque
1617 2858 1670 2899 ita

174 3000 208 3037 a.
248 2999 414 3042 ιέωὗτος
446 3004 559 3045 κῆρε(
595 3004 783 3036 emortum
806 3001 878 3044 (qui
922 3003 969 3033 tm·
1002 3005 1068 3036 tam
1102 3005 1211 3046 „ripn
1242 3013 1340 3047 quam
1369 3006 1444 3039 aaa&
1477 3006 1588 3040 habent
1622 3002 1670 3046 ὥς

128 3049 221 3082 ..Ε
240 3046 409 3093 ciuiliter)
429 3049 636 3084 “fuemu-
656 3051 787 3082 umus.
821 3047 875 3080 Lt-
922 3042 1037 3087 αὐτὸς.
