2020 3276
373 273 456 315 596
831 277 1052 312 mmmm
1075 278 1133 312 ET
1161 277 1464 312 conmcssnm.

372 358 578 403 πολυθηρίας
599 357 664 401 τῆς
686 356 909 402 Σαμαρείας,
944 356 1005 392 καὶ
1030 355 1093 401 τὴν
1117 356 1271 393 ἐντεῦθεν
1294 354 1463 394 α’πῶλειαν
1485 356 1552 392 τῶν
1576 356 1690 394 ἐκεῖσε
1711 354 1925 396 &macuv-

372 429 449 452 των.
495 416 540 450 Οἱ
563 413 602 451 δὲ
638 413 767 459 ἔφασαν
792 412 842 459 μη
869 411 953 449 εἶναι
987 411 1126 458 Βεμιτὸν
1151 413 1201 454 εἰς
1222 412 1286 458 τήν
1321 412 1518 458 οἰκουμένην
1553 412 1712 460 πρότερον
1746 413 1925 464 ὑπολαβεῖν

372 474 439 508 τῶν
461 472 518 507 τοῦ
543 471 702 511 Μωσέως
723 469 823 516 νόμον
848 470 988 506 εἰδότων
1009 466 1217 515 εἰδωλάτρας
1235 475 1412 506 κατοικεῖν.
1457 466 1646 507 ’Emesam
1662 470 1769 508 τοίνυν
1787 471 1927 514 ἐκείνοις

373 528 391 566 ὁ
416 526 577 576 βασιλεὺς
611 527 748 573 πέμψαι
779 525 838 563 τὸν
875 526 1037 572 μέλλοντα
1062 527 1180 573 (codex
1203 539 1295 561 meus
1320 527 1478 572 μέλοντα)
1511 532 1583 569 τοῖς
1605 527 1641 565 ἐν
1662 528 1846 577 Σαμαρείᾳ
1867 529 1926 566 τὸν

372 589 430 622 τοῦ
455 585 615 625 Μωσέως
637 583 738 629 νόμον
762 583 993 620 ὑποτίθεσθαι.
1034 584 1107 620 Καὶ
1126 584 1220 620 ἵκετο
1242 584 1356 620 ἐκεῖσε
1378 583 1491 628 ἱερεύς
1513 597 1565 625 τις
1577 580 1926 631 Ἔσδραςιόνομαζό·

373 655 471 688 μενος
485 655 493 663 ·
529 643 650 687 εἴληφε
671 642 731 677 τοῦ
756 639 859 686 νόμου
881 638 1083 687 ἀντίγραφον
1110 639 1199 677 κατὰ
1220 641 1258 678 τὸ
1282 640 1477 685 τριάκοστον
1501 640 1574 684 ἔτος
1593 641 1661 688 τῆς
1681 641 1924 689 αἰχμαλωσίας.

459 701 567 747 1²⁸3.
585 699 659 736 64.
703 698 724 732 l.
746 698 778 732 2.
814 695 1002 742 ὁποστῆναι
1022 699 1106 734 ven.
1140 699 1255 732 Recte.
1280 717 1321 724 --
1379 697 1402 731 l.
1423 698 1456 731 4.
1495 698 1633 744 Con-ige
1664 697 1728 744 τὴν
1759 699 1828 735 τῶν
1861 700 1925 744 3η-

370 757 461 802 ρίων.
485 775 531 782 -
575 755 661 790 Ibid.
686 766 750 800 pro
774 754 901 800 θηρίων
924 756 1008 789 Ven.
1045 755 1161 800 θηρῶν
1183 755 1297 788 habet.
1324 773 1364 780 —
1388 775 1392 778 -
1412 754 1435 789 l.
1458 755 1480 790 7
1507 761 1542 789 et
1567 754 1601 790 8.
1632 755 1752 790 Venet-
1786 755 1927 801 praebet

368 812 542 859 φήσαντες
573 810 622 858 μὴ
653 810 822 849 δύνασθαι
853 811 949 852 ἔθνος
968 811 1044 848 ἐκεῖ
1061 812 1279 854 καθέζεσθαι.
1299 831 1344 837 -
1377 811 1400 845 l.
1417 810 1451 846 9.
1468 810 1687 849 έπιτελίσειεν
1706 813 1791 847 ven.
1823 812 1925 855 Quod

368 870 609 905 restituendum
631 877 693 904 est.
715 889 758 895 —
792 869 815 902 1.
834 868 885 903 11.
911 868 1171 914 εἰδωλολατρίας
1192 870 1265 902 Bas.
1285 887 1332 894 —
1361 868 1385 902 1.
1402 867 1456 903 16.
1475 868 1647 910 κωθαίους
1666 870 1750 904 Ven.
1764 888 1804 897 --
1829 869 1854 903 Ι.
1870 868 1923 905 19.

370 925 444 972 μετ’
476 924 579 963 αὐτὸν
602 926 698 972 γένος
718 927 806 960 Ven.
829 946 870 952 -
919 926 941 960 1.
959 927 1014 961 21.
1049 923 1291 970 ὑποδεξάμενοι
1317 926 1400 959 ven.
1431 945 1466 952 -
1514 926 1537 960 l.
1561 926 1620 962 22.
1640 922 1749 971 ἀνέθη
1771 926 1856 960 ven.
1880 945 1924 953 —

368 985 390 1019 l.
405 982 460 1019 24.
485 985 623 1030 Repone
643 996 684 1017 ex
707 983 782 1017 cod.
806 983 890 1016 Ven.
916 983 1115 1030 συμβέβηκε
1133 980 1221 1018 κατὰ
1238 981 1280 1018 τὰ
1302 981 1464 1028 τέσσαρα.
1487 1002 1531 1010 -
1577 983 1602 1017 1.
1619 982 1676 1018 26.
1701 983 1842 1028 hepone
1855 982 1925 1019 Γο-

371 1043 540 1087 ροῦηνῶν,
577 1047 615 1074 ut
648 1047 701 1074 est
725 1040 824 1074 etiam
847 1040 881 1074 in
906 1041 989 1074 Ven.
1019 1046 1222 1074 constanter.
1245 1059 1290 1065 —
1335 1039 1357 1073 l.
1377 1039 1433 1075 28.
1455 1037 1667 1086 διασαφῆσαι
1688 1039 1800 1075 fimat
1824 1040 1925 1075 etism

367 1098 550 1133 auctoritas
576 1097 652 1132 cod.
675 1097 809 1132 Veneti.
870 1098 1025 1131 Ceterum
1046 1097 1130 1131 tolle
1154 1108 1283 1131 comma
1306 1103 1385 1142 post
1408 1097 1523 1132 αἴτιον.
1549 1116 1587 1123 —·
1637 1096 1661 1132 l.
1676 1095 1732 1133 29.
1767 1095 1926 1142 γλῑπτῶν

371 1158 532 1192 Venetus.

457 1214 566 1260 l’ag.
585 1214 657 1249 ⁶6.
688 1212 711 1245 l.
723 1211 745 1247 6
769 1218 804 1244 et
821 1211 852 1247 7.
877 1209 978 1246 Κατὰ
996 1211 1224 1256 Σαμαρειτῶν
1243 1210 1391 1256 αἱρέσεις
1407 1210 1489 1255 (εἰσ)
1511 1207 1550 1246 ε’.
1582 1210 1648 1256 τῆς
1669 1209 1710 1248 δὲ
1723 1207 1925 1252 ἀκολουθίας

365 1267 412 1306 3‘.
430 1271 516 1305 Ven.
541 1289 582 1295 —
630 1269 652 1302 l.
667 1268 700 1304 8.
725 1268 853 1302 Petavii
873 1268 1099 1302 coniecturam
1121 1265 1212 1314 οἷρχῆ
1243 1267 1352 1301 firmat
1375 1267 1556 1302 auctoxim
1579 1267 1702 1302 Veneti
1722 1267 1810 1303 libri.
1853 1268 1923 1302 ne-

367 1326 574 1361 stitueudum
597 1326 700 1371 igitur
723 1322 826 1371 οἷρχῆ.
856 1345 894 1351 -
941 1325 964 1359 l.
981 1325 1013 1360 9.
1038 1327 1124 1359 Ven.
1149 1325 1280 1370 plenius
1314 1323 1560 1370 προειρημένας
1590 1320 1670 1360 ἄνεῦ
1693 1326 1832 1371 γραφῆς
1853 1326 1924 1361 δεῖ·

367 1386 435 1430 κῆς
465 1381 679 1428 Ἑλληνικὰς.
703 1403 748 1410 -
794 1383 817 1416 1.
843 1382 893 1417 10.
923 1383 1063 1428 Repone
1101 1379 1191 1427 α’πό,
1227 1381 1318 1428 quod
1354 1381 1434 1415 fem·
1457 1388 1579 1427 potest.
1602 1381 1705 1416 Panlo
1729 1389 1807 1428 post
1827 1381 1923 1417 artic.

366 1440 405 1477 τὸ
437 1449 516 1475 ante
547 1440 643 1486 γένος
674 1441 768 1474 abest
797 1431 819 1473 a‘
843 1440 926 1472 Ven.
953 1459 996 1465 -
1042 1440 1064 1473 l.
1085 1440 1137 1474 12.
1160 1439 1332 1485 reretxzaz
1360 1440 1431 1472 Bas.
1468 1458 1501 1465 -
1547 1438 1569 1474 l.
1587 1437 1640 1474 14.
1663 1438 1819 1485 σομόρων
1838 1440 1923 1474 ven.

366 1501 417 1532 Ita
439 1498 538 1532 etiam
561 1498 582 1530 Ι.
601 1498 652 1532 15.
675 1517 717 1523 —
765 1497 786 1531 l.
807 1497 858 1531 15.
882 1494 1059 1541 Σωμῆρου
1081 1496 1139 1532 τοῦ
1164 1493 1290 1540 α’νδρός
1308 1497 1391 1530 Veu.
1416 1515 1456 1522 —
1503 1495 1524 1529 1.
1543 1495 1596 1532 16.
1621 1495 1774 1541 Corrige:
1795 1489 1863 1532 Ἦν
1885 1494 1925 1532 δὶ

367 1549 473 1596 οὗτος.
520 1554 603 1588 lbid.
628 1555 712 1589 Ven.
741 1551 760 1590 ὅ
782 1551 952 1598 Σομόρων
983 1551 1066 1593 υἱὸς.
1096 1573 1132 1578 -
1181 1553 1204 1586 l.
1231 1553 1280 1588 17.
1306 1552 1482 1588 κατοικοῦν
1518 1554 1598 1587 ven.
1622 1570 1670 1579 --
1713 1553 1738 1587 1.
1756 1551 1806 1588 18.
1831 1548 1926 1593 ὄντος

365 1611 488 1652 παιδὸς
510 1613 595 1647 Ven.
619 1631 661 1638 -—
708 1611 730 1644 l.
746 1612 778 1646 5.
807 1611 849 1644 ab
869 1610 968 1644 infer.
991 1609 1016 1654 τί
1038 1609 1272 1656 Πεντάτευχος
1292 1612 1324 1645 δ.
1345 1610 1393 1644 Μ.
1410 1622 1440 1645 τ.
1466 1621 1523 1645 σπ.
1544 1605 1629 1654 Ἰσρ.
1650 1608 1686 1647 ἐν
1707 1621 1740 1645 τ.
1762 1607 1872 1655 ἐξόδῳ
1890 1621 1920 1644 τ.

365 1666 423 1705 ἀπ’
446 1668 630 1714 Αἰγυπτίου
651 1668 790 1714 πορείας
813 1668 966 1708 δοῦεῐσα,
992 1667 1085 1712 φημὶ
1108 1665 1147 1703 δὲ
1163 1668 1247 1701 Ven.
1274 1685 1309 1691 -
1362 1666 1384 1699 1.
1408 1665 1535 1711 penult.
1555 1666 1734 1703 καλοῦνται
1753 1665 1923 1712 βρεσιθέλ.

366 1723 508 1771 λεσιμῶ.
532 1726 700 1771 δωῐκαρᾶ.
726 1723 984 1770 έλλεδδαβαρεῖν
1007 1725 1091 1757 Ven.

456 1783 565 1830 ¹⁹²3·
585 1784 659 1819 68.
704 1782 725 1815 1.
748 1781 781 1817 4.
809 1781 842 1816 ἐν
871 1778 991 1820 αὐταῖς
1013 1780 1091 1824 περὶ
1121 1779 1302 1826 μοναρχίας
1326 1780 1410 1814 Ven.
1431 1780 1530 1813 Bene.
1556 1799 1596 1805 —
1644 1779 1667 1814 1.
1682 1781 1716 1815 5.
1738 1780 1922 1826 καταγγελ·

366 1839 488 1884 λομένη
513 1839 602 1875 ἐστιν
623 1841 710 1874 Ven.
738 1858 780 1864 —
826 1838 849 1871 1.
866 1838 899 1874 6.
923 1837 1183 1880 εἰδωλολατρίας
1204 1838 1278 1870 Bas.
1303 1855 1344 1862 -
1393 1836 1415 1869 1.
1439 1837 1471 1872 7.
1493 1835 1668 1881 ἐπιμέλειά
1692 1848 1745 1878 τις
1760 1835 1801 1873 τὸ
1821 1834 1920 1882 ἄκρι-

367 1897 425 1943 βὲς
445 1898 530 1931 ven.
557 1915 599 1922 —
635 1896 658 1930 l.
670 1897 703 1930 8.
730 1895 813 1929 Dele
830 1907 870 1930 τε
891 1901 970 1940 post
986 1894 1144 1934 πίστεως.
1167 1913 1209 1919 -
1254 1893 1277 1926 l.
1295 1894 1345 1928 12.
1373 1892 1629 1938 εἰδωλολατρίαν
1650 1894 1723 1928 Bu.
1746 1913 1790 1920 —
1834 1893 1920 1928 lbid.

366 1952 400 1989 ἐν
423 1952 530 1999 ἑαυτῇ
551 1953 636 1986 Ven.
664 1955 703 1978 —'
749 1952 772 1985 l.
792 1949 844 1986 14.
870 1947 950 1996 παρ’
973 1947 1089 1990 αὐτοῖς
1109 1950 1219 1984 firmat
1241 1950 1422 1984 auctoritas
1442 1950 1574 1985 Veneti.
1622 1951 1687 1984 Pro
1713 1956 1922 1996 σεσυκοφαν-

364 2009 522 2054 τημένως
542 2009 632 2042 idem
655 2009 741 2042 liber
763 2006 1121 2054 σεσυκοφαντημένοις.
1145 2026 1188 2032 -
1233 2007 1255 2040 l.
1283 2008 1334 2042 15.
1359 2006 1496 2051 Γαρίζιν
1516 2008 1600 2041 ven.
1647 2007 1764 2044 noete.
1786 2007 1921 2043 Nicetes

368 2067 472 2100 Chon.
496 2066 562 2099 1.1.
591 2061 858 2110 Ἑρμηνεύονται
881 2063 921 2102 δὲ
942 2063 1095 2110 φύλακες
1129 2065 1160 2100 οἱ
1182 2065 1410 2109 Σαμαρεῖται.
1455 2063 1527 2099 Καὶ
1558 2057 1651 2100 οὗτοι
1678 2064 1810 2110 πρῶτον
1839 2061 1919 2100 ἀνέ-

365 2125 507 2170 βλαστον
529 2126 601 2162 τοῖς
621 2119 800 2162 Ἰουδαίοις
823 2118 992 2163 α’ντίδοξαι
1015 2119 1049 2156 ἐν
1071 2125 1142 2161 τοῖς
1163 2121 1241 2165 περὶ
1264 2122 1343 2156 θεοῦ
1366 2117 1445 2165 παρ’
1470 2118 1583 2156 αὐτῶν
1605 2120 1804 2166 λεγομένας.
1848 2121 1922 2157 Καὶ

365 2179 516 2226 ἐδέχοντο
539 2176 644 2224 μόνην
661 2177 723 2224 τὴν
743 2177 997 2224 Πεντάτευχον,
1020 2177 1083 2222 τήν
1107 2177 1147 2214 δὲ
1170 2178 1295 2223 νεκρῶν
1318 2174 1502 2214 ἀνάστασιν
1528 2174 1715 2223 [τξρνοῦντο,
1739 2177 1794 2212 vel
1812 2177 1921 2212 simile

365 2237 460 2283 quid]
475 2263 485 2281 ,
515 2236 566 2283 τῷ
591 2234 631 2272 δὲ
648 2231 719 2271 ὄντι
735 2233 927 2280 ἠσπάζοντο
950 2235 1083 2280 (differt
1102 2235 1211 2269 versio
1230 2235 1394 2277 Morelli).
1442 2233 1504 2279 Μῆ
1530 2233 1596 2279 γὰρ
1620 2233 1654 2271 έν
1675 2231 1921 2280 Ἱεροσολύμοις

365 2293 487 2338 ἐπίσης
510 2297 581 2333 τοῖς
613 2291 788 2338 Ἑβραίοις
811 2295 1001 2336 προςκυνεῐν
1029 2289 1226 2339 ἀνεχόμενοι
1249 2292 1284 2328 έν
1305 2293 1356 2339 τῷ
1381 2287 1453 2336 ὄρει
1474 2293 1524 2338 τῷ
1549 2291 1688 2336 Γαριζὶν
1709 2290 1920 2335 θυσιάζουσι,

364 2350 424 2387 καὶ
445 2348 508 2390 τοὶς
531 2346 636 2395 εὐχὰς
659 2346 889 2394 ἀπονέμουσιν.
940 2345 1057 2385 Ἔνθα
1076 2348 1176 2395 λόγος
1194 2350 1288 2394 αἱρεῖ
1306 2349 1366 2386 καὶ
1387 2347 1430 2385 τὰ
1453 2349 1578 2385 εἴδωλα
1598 2346 1833 2393 έγκεκρύφθαι
1851 2348 1920 2384 τῶν

364 2406 542 2452 τεσσάρων
573 2406 678 2451 γενῶν
712 2406 780 2441 τῶν
815 2405 852 2447 ἐξ
877 2403 1067 2451 ’Δσσυρίων
1091 2407 1141 2448 εἰς
1168 2404 1367 2452 Σαμάρειαν
1389 2402 1623 2451 ἀφικομένων,
1659 2401 1743 2451 [οἷς]
1770 2403 1920 2445 εἰπόντες

365 2464 530 2510 ἔφῇημεν.
554 2483 599 2490 -
643 2463 667 2496 1.
696 2460 751 2497 24.
777 2457 868 2499 οὗτοι
890 2475 951 2507 pro
975 2460 1072 2499 αὐτοὶ
1093 2465 1178 2498 Ven.
1202 2483 1244 2491 -
1290 2464 1312 2498 l.
1328 2464 1382 2500 27.
1406 2463 1546 2508 Repone
1570 2474 1611 2496 ex
1630 2461 1707 2496 eod.
1727 2463 1811 2497 Ven.
1833 2460 1919 2507 πρὸς

367 2521 427 2566 μὲ·
452 2519 537 2557 ἀλλὰ
560 2519 598 2556 τὸ
624 2518 710 2564 αἷμα
734 2520 791 2566 βιᾶ
813 2518 899 2564 πρὸς
923 2519 977 2565 μὲ,
1001 2520 1146 2561 δεικνὺς.
1172 2540 1213 2547 -
1261 2521 1284 2554 l.
1306 2521 1362 2556 30.
1385 2518 1448 2565 τήν
1470 2517 1585 2565 πηγὴν
1606 2517 1671 2564 τήν
1691 2518 1796 2553 habet
1817 2518 1919 2553 etiam

365 2579 452 2613 ven.
474 2597 517 2603 —
563 2577 585 2610 l.
605 2577 812 2622 antepenult.
846 2577 985 2622 Repone
1009 2574 1140 2623 Ἀαρών
1163 2589 1226 2623 pro
1249 2574 1392 2622 Ἀαρῶν.
1437 2577 1572 2612 Habent
1603 2575 1651 2611 iu
1672 2576 1758 2611 Vm.-
1785 2585 1917 2622 qnoque

366 2642 401 2668 et
426 2636 497 2668 Bas.

457 2692 565 2738 Ροε-
588 2691 660 2729 w.
703 2691 725 2725 l.
742 2692 772 2726 1.
795 2690 1036 2738 ἐμψυχουμένη
1071 2704 1134 2737 pro
1166 2690 1334 2739 έψυχοῦτο
1365 2691 1448 2726 ven.
1473 2709 1518 2717 —
1571 2689 1595 2724 l.
1610 2688 1645 2725 6.
1679 2687 1714 2724 έν
1738 2688 1784 2735 τῇ
1807 2688 1921 2734 κρίσει

364 2749 448 2783 Ven.
473 2767 517 2774 —-
562 2747 586 2782 l.
600 2747 632 2783 8.
658 2749 799 2794 Repone
826 2748 955 2793 ἔμπλεα
975 2761 1038 2794 pro
1060 2748 1124 2793 Cim
1145 2747 1295 2789 παλαιὰ,
1319 2760 1360 2782 ex
1381 2747 1580 2782 auctoritate
1600 2745 1731 2780 Veneti.
1753 2764 1798 2772 —
1842 2745 1868 2780 l.
1884 2744 1917 2781 9.

368 2804 594 2849 μεμιαμμένοι
616 2806 688 2839 Bas.
714 2825 756 2831 —
802 2806 823 2839 l.
848 2806 898 2840 12.
922 2804 1042 2850 Πολλὴ
1067 2804 1107 2842 δὲ
1125 2803 1253 2841 τούτων
1271 2806 1354 2840 ven.
1378 2824 1424 2831 -
1469 2804 1491 2837 1.
1509 2803 1560 2838 13.
1584 2801 1625 2839 δὲ
1644 2808 1722 2848 pout
1739 2801 1829 2843 Πῶς
1848 2813 1915 2837 on.

367 2862 450 2895 Ven.
475 2880 520 2888 -
565 2862 589 2896 1.
609 2860 660 2897 14.
683 2861 748 2907 γὰρ
769 2869 848 2907 post
869 2862 929 2907 μὲν
950 2874 1016 2897 om.
1037 2863 1121 2896 Ven-
1147 2882 1189 2889 -
1235 2862 1259 2896 l.
1282 2861 1336 2897 16.
1361 2862 1502 2906 Repone
1521 2859 1563 2896 τὸ
1581 2870 1644 2905 pro
1666 2860 1716 2906 τῷ
1739 2871 1782 2894 σα
1800 2866 1916 2895 moto·

368 2917 468 2950 ritate
490 2919 574 2951 Ven.
598 2938 641 2944 —
686 2919 709 2951 1.
735 2919 776 2954 18
798 2926 833 2952 et
855 2919 907 2955 19.
932 2918 1156 2964 ἑξηκονταδύο
1178 2916 1412 2963 ἠριθμημέναι
1433 2916 1468 2953 ἐν
1487 2918 1532 2963 τῇ
1552 2915 1600 2960 ἐρ.
1624 2917 1708 2950 Ven.
1732 2936 1776 2944 —-
1819 2916 1843 2951 l.
1858 2915 1916 2952 2⁰.

368 2971 403 3006 ἐν
421 2975 465 3018 τῇ
489 2972 581 3019 σόρῳ
602 2976 687 3009 Ven.
722 2976 758 3010 αἱ
778 2976 828 3022 τῷ
851 2975 945 3022 σόρῳ
965 2977 1038 3010 Bas.
1062 2994 1104 3001 —
1150 2975 1173 3008 l.
1188 2975 1245 3010 26.
1269 2972 1336 3011 α’πὸ
1359 2973 1426 3019 γὰρ
1447 2973 1507 3009 τοῦ
1531 2968 1656 3017 ἄρθρου
1677 2969 1823 3019 τοῦνομα
1849 2974 1916 3016 τῆς
1986 2976 2007 3002 Γ

369 3028 572 3071 διακρίσεως
594 3030 669 3066 ἐστὶ
693 3033 852 3076 σημᾶναι.
889 3028 1004 3068 ’Ὅπου
1026 3030 1092 3078 γὰρ
1115 3032 1175 3067 τοῦ
1187 3057 1200 3073 ‚
1237 3031 1296 3068 καὶ
1317 3030 1374 3067 ἐπὶ
1396 3029 1446 3066 ἐνὶ
1467 3031 1551 3064 Ven.
1576 3049 1619 3055 —
1663 3029 1686 3063 l.
1705 3030 1763 3066 27.
1787 3028 1913 3066 Vno-b.

368 3081 522 3124 πάντως,
547 3086 600 3118 vel
620 3086 751 3123 πάντων
765 3114 775 3128 ,
805 3101 870 3122 om.
893 3090 976 3122 Ven.
1023 3088 1164 3122 Videtur
1187 3089 1363 3122 subnatum
1385 3097 1427 3120 ex
1447 3085 1661 3131 praecedenti
1682 3085 1856 3122 voe-bulo.

462 3141 568 3188 Pag-
593 3143 662 3179 72.
706 3144 729 3178 l.
747 3144 774 3178 1.
801 3145 939 3189 εἴπαμεν
956 3140 982 3189 ἦ
1004 3144 1083 3182 θεὸν
1101 3147 1186 3180 Ven.
1205 3146 1318 3179 Recte.
1343 3163 1386 3170 —
1432 3143 1456 3178 1.
1471 3144 1504 3180 2.
1529 3143 1668 3188 εἴπαμεν
1683 3155 1748 3190 pro
1768 3143 1920 3188 εἴπωμεν
