2020 3276
426 221 608 255 rmum
632 221 793 255 mmm.
815 221 926 255 τοΜ.
942 222 968 254 1.
994 222 1127 255 nanu.
1143 222 1303 255 Lxxvr.
1551 212 1633 255 313

94 300 374 355 *unibus
395 300 579 344 divinitas
598 301 813 353 tribuatur,
844 301 913 348 sed
939 301 1005 343 nni
1029 315 1121 357 prae
1145 302 1312 354 ceteris,
1355 314 1454 358 quae
1475 307 1535 343 est
1558 315 1635 343 una

92 369 331 425 iqoebitate
349 368 555 422 diviuitas,
587 369 677 425 quid
699 369 853 411 tandem
875 369 1037 424 egregio
1056 369 1111 411 illi
1134 370 1400 426 relinquetur,
1433 384 1511 426 qno
1530 370 1635 412 veri·

93 437 307 491 mauis
345 444 539 480 terrorem
569 437 942 493 admirationemque
977 437 1100 493 possit
1128 438 1333 480 incutere?
1386 436 1485 496 sed
1514 445 1556 480 et
1578 438 1636 480 al·

93 514 179 559 tuq
200 506 250 551 ab
272 506 399 549 altera
426 505 686 563 discrepabit,
728 519 777 548 eo
798 505 900 561 quod
931 505 1086 548 trinitas
1116 513 1248 558 creat,
1292 514 1423 548 cetera
1455 521 1552 549 vero
1583 506 1633 549 ab

91 575 384 635 hetaeum
400 574 546 617 omnia.
608 572 680 616 llla
698 573 843 616 nullius
861 573 1076 616 dominatui
1096 574 1273 616 subiecta
1293 583 1379 626 est,
1412 575 1509 618 baec
1531 575 1635 618 illius

90 643 284 703 potestati
307 649 401 686 sunt
430 642 600 686 subdita.
670 643 733 685 Ad
769 643 866 685 baec
898 642 974 684 ista
1006 643 1286 685 mutationibus
1318 643 1491 686 obnoxia
1524 650 1631 696 sunt,

90 710 160 757 issa
189 718 329 769 suapte
361 717 504 754 natura
531 711 783 753 immutabilis
814 718 902 762 est,
950 718 991 753 et
1020 710 1209 753 iuferiora
1243 713 1372 753 omnia
1405 719 1632 764 commutat,

90 793 256 839 quoru·
276 787 439 823 natum
459 786 501 822 et
523 779 764 822 substantias
787 793 809 822 e
831 778 951 822 nihilo
973 779 1190 835 producere
1213 787 1357 837 potest.
1419 779 1506 822 Hoc
1528 781 1633 822 enim

90 849 169 898 deo
190 848 398 906 congruit,
441 854 485 890 ut
505 862 558 890 ex
587 848 694 890 nnlla
724 848 923 891 substrata
952 848 1116 890 materia
1143 855 1180 890 et
1204 862 1258 890 ex
1282 849 1402 891 nihilo
1426 850 1633 905 producta-

89 931 177 966 e·-
195 930 224 962 a
245 930 292 961 se
311 930 444 961 rerum
474 930 522 959 ac
541 917 837 960 subsistentium
863 916 1039 959 ordinem
1069 917 1443 973 dispositionemque
1473 932 1544 975 pro
1561 932 1633 960 sua

90 985 294 1037 voi-nme
322 992 460 1028 mutet.

149 1068 151 1071 ’
200 1053 314 1099 Antii
337 1050 469 1111 Caput
492 1055 651 1096 XXXV.
722 1052 767 1097 Si
803 1053 1020 1097 substantia
1050 1054 1178 1097 omnis
1213 1054 1386 1109 ingenita
1420 1062 1504 1107 est,
1547 1069 1635 1112 per-

90 1123 183 1168 ide
205 1129 247 1166 et
267 1123 373 1166 nulla
395 1122 596 1166 variabilis
616 1129 694 1165 est.
755 1120 871 1178 Quod
902 1122 936 1165 si
967 1122 1115 1166 variari
1149 1123 1366 1165 substantia
1389 1138 1468 1165 non
1487 1131 1632 1180 potest,

90 1203 234 1249 agere,
274 1197 317 1234 et
335 1191 415 1248 pati
436 1191 485 1234 ad
508 1191 707 1233 fortuitum
734 1191 926 1247 quendam
951 1205 1084 1234 casum
1112 1192 1319 1234 referenda
1348 1199 1455 1234 sunt.
1518 1189 1634 1247 Quod

90 1259 128 1303 si
147 1259 267 1304 multa
289 1267 382 1302 aunt
411 1259 587 1315 ingenita
616 1266 657 1301 et
679 1258 924 1302 invariabilis
938 1291 950 1311 ‚
998 1259 1104 1302 nullo
1129 1267 1238 1302 certo
1261 1274 1284 1302 a
1304 1274 1348 1302 se
1371 1260 1540 1302 invicem
1565 1275 1637 1303 uu-

90 1342 203 1373 ·ero
238 1327 532 1385 discrepabunt.
604 1325 748 1384 Neque
785 1328 887 1370 enim
920 1328 1199 1384 comprehendi
1233 1342 1395 1370 numero
1433 1336 1632 1386 poterunt,

89 1409 191 1454 qnae
223 1396 288 1440 vel
316 1395 520 1448 absolute,
562 1395 627 1438 vel
655 1396 784 1452 aliqua
818 1410 872 1438 ex
905 1404 1014 1453 parte
1046 1397 1256 1449 differunt,
1298 1411 1385 1439 cum
1415 1397 1635 1439 differentia

89 1465 218 1509 omnis
237 1463 521 1508 determinatae
550 1478 716 1506 caussae
736 1465 776 1506 in
797 1464 972 1521 ingenita
997 1473 1135 1508 natura
1167 1465 1276 1508 velut
1299 1465 1524 1509 attributam
1547 1479 1635 1508 sor-

89 1540 168 1578 te·
197 1533 407 1590 significet.

201 1599 367 1646 Conrui.
403 1602 563 1643 XXXV.
635 1599 730 1643 Non
761 1602 888 1644 omnis
919 1601 1138 1644 substantia
1173 1603 1348 1658 ingenita
1379 1603 1453 1644 dici
1487 1610 1632 1659 potest,

87 1671 191 1728 qnod
210 1670 275 1713 vel
297 1670 430 1712 animo
453 1669 663 1726 concipere
684 1670 866 1712 stolidum
891 1678 974 1722 est,
1017 1678 1133 1727 atque
1155 1671 1204 1712 ab
1226 1672 1427 1727 gentilium
1449 1671 1636 1727 ignoran-

88 1739 144 1783 tia
160 1752 211 1783 ea
230 1738 294 1782 vel
317 1737 505 1794 cogitatio
529 1741 592 1780 vel
613 1739 809 1781 sententia
832 1739 1113 1795 proficiscitur,
1157 1741 1244 1782 sive
1268 1741 1515 1792 affirmando,
1548 1741 1634 1782 sive

90 1806 372 1864 interrogando
392 1806 519 1849 solum
541 1805 683 1849 A’etius
706 1807 779 1848 ista
802 1806 1023 1864 protulerit.
1085 1806 1331 1864 Quamquam
1354 1809 1635 1864 interrogando

89 1874 195 1921 ist-s
212 1874 369 1933 quidem
392 1888 605 1931 usurpasse
629 1875 798 1917 videtur.
860 1874 996 1931 Quare
1028 1876 1076 1918 de
1103 1877 1315 1933 gentilibus
1344 1878 1420 1919 ista
1457 1879 1635 1920 sciscite-

91 1950 180 1996 tur,
220 1949 339 2000 atque
360 1942 506 1986 abillis
531 1943 604 1986 boc
619 1975 630 1995 ,
673 1945 774 1999 quod
803 1944 843 1986 in
863 1945 1174 2000 interrogatione
1200 1960 1271 1989 sua
1295 1960 1348 1989 ex
1369 1947 1636 1989 ratiocinatio·

90 2010 205 2056 nibus
234 2010 400 2054 collecta
429 2011 583 2068 posuit,
626 2013 865 2055 concedatur
901 2013 1025 2064 ultro,
1068 2015 1270 2056 materiam
1305 2029 1395 2057 esse
1423 2015 1633 2071 quandam,

89 2093 190 2137 qnae
213 2086 390 2137 tempore
419 2093 506 2121 cum
532 2080 606 2122 deo
635 2079 689 2122 sit
717 2081 914 2137 aequalis;
959 2082 1029 2123 sed
1055 2089 1097 2124 et
1120 2097 1197 2125 una
1226 2098 1313 2126 cum
1337 2084 1415 2126 illis
1435 2084 1569 2126 eadem
1600 2085 1633 2126 si

87 2149 235 2192 sentiet
262 2147 520 2190 convineatur
549 2147 708 2191 Aetius.
766 2148 872 2192 Nam
910 2149 1058 2192 veritas
1089 2151 1242 2207 quidem
1281 2152 1365 2209 ipsa
1395 2167 1510 2194 uuam
1544 2166 1634 2195 esse

88 2223 226 2265 censet
245 2216 475 2260 efficientem
507 2229 712 2267 caussam;
756 2218 856 2273 quod
879 2218 919 2260 iu
943 2233 1020 2261 una
1043 2226 1083 2261 et
1105 2220 1240 2262 eadem
1264 2220 1481 2262 substantia
1506 2222 1635 2277 perse-

87 2292 151 2328 eta
173 2285 329 2328 trinitas
348 2284 434 2327 sine
457 2283 531 2326 ulla
555 2284 787 2327 contusione
810 2293 1052 2329 numeretur.
1113 2286 1282 2344 Reliqua
1304 2302 1399 2331 vero
1422 2290 1550 2331 omnia
1577 2290 1633 2332 fa-

86 2361 152 2398 eta
183 2367 231 2398 ac
266 2361 471 2411 procreata
504 2359 622 2405 sunt,
663 2367 741 2395 non
771 2354 970 2410 ingenita,
1010 2355 1194 2398 diviuitas
1223 2370 1320 2398 vero
1348 2371 1370 2399 a
1395 2357 1500 2399 nullo
1523 2371 1633 2399 crea·

88 2429 175 2475 tur,
219 2422 288 2467 sed
313 2429 423 2479 pater
457 2420 605 2477 gignit,
651 2421 752 2463 lilius
786 2422 943 2477 genitus
977 2431 1061 2476 est;
1103 2424 1264 2480 spiritus
1287 2432 1446 2467 sauctus
1473 2438 1495 2466 a
1523 2433 1634 2482 patre

85 2491 231 2535 missus
253 2498 336 2542 est,
378 2497 418 2533 et
441 2504 463 2532 a
490 2490 568 2531 filio
593 2489 757 2546 accipit;
800 2497 932 2536 cetera
957 2505 1055 2534 vero
1081 2500 1215 2535 creata
1241 2500 1358 2544 sunt3
1400 2500 1516 2549 atque
1550 2494 1631 2550 ipse

86 2559 185 2604 dene
211 2558 465 2603 immutabilis
497 2558 640 2599 virtute
675 2571 908 2614 permanens
940 2568 1206 2616 congruenter
1231 2561 1271 2603 in
1300 2562 1472 2603 trinitate
1502 2563 1632 2604 consi-

86 2628 170 2672 stit.
230 2625 419 2671 Ceterum
440 2626 624 2669 divinitas
642 2626 769 2667 omnis
791 2627 839 2667 ad
863 2634 1011 2682 patrem
1036 2630 1232 2680 refertur,
1266 2630 1366 2685 quod
1387 2630 1438 2671 ita
1463 2644 1631 2672 consen-

86 2701 242 2740 taneum
263 2696 339 2748 sit,
383 2696 498 2751 idque
522 2702 562 2736 et
586 2695 634 2736 ad
657 2694 845 2736 unitatem
872 2694 1115 2738 retinendam
1130 2728 1142 2746 ‚
1187 2704 1228 2738 et
1248 2697 1515 2754 multiplicium
1538 2700 1630 2742 deo·

84 2777 171 2807 rum
192 2763 404 2808 vanitatem
430 2764 682 2806 refellendam
713 2763 920 2818 pertineat.
984 2761 1053 2807 Sic
1077 2765 1180 2806 enim
1204 2765 1454 2808 immutabilis
1480 2774 1540 2809 est
1562 2782 1631 2811 na-

84 2838 196 2876 turae
217 2832 374 2876 divinae
396 2832 538 2882 virtus,
572 2838 615 2875 ut
633 2837 899 2887 congruenter
920 2831 986 2873 lilii
1006 2833 1055 2874 ad
1078 2840 1225 2889 patrem
1246 2833 1484 2890 spiritusque
1503 2838 1629 2879 sancti

86 2907 351 2943 consentanea
376 2900 476 2943 ratio
502 2900 818 2958 comparatioque
848 2907 1046 2942 servetur.
1109 2899 1222 2955 Quae
1257 2915 1343 2943 cum
1371 2902 1422 2944 ita
1444 2917 1534 2947 sese
1562 2904 1629 2947 lia-

84 2967 227 3022 beant‚
260 2970 459 3026 captiosae
479 2969 583 3011 illius
602 2968 922 3024 interrogationis
951 2977 1211 3011 commentum
1235 2971 1388 3028 penitus
1413 2970 1625 3016 intercidit.

172 3047 207 3086 ⁶.
228 3045 489 3093 ἀνωφερομένης
509 3051 621 3084 vicium
639 3052 683 3082 m
699 3049 746 3082 eet
769 3050 877 3083 Ρεωυ.
904 3049 1008 3082 Coton,
1029 3052 1123 3091 repet.
