2020 3276
3 2749 16 2764 ‚s
0 2580 18 2717 *rw-cv
0 2531 4 2534 ·
0 2411 7 2426 ³
0 2362 4 2363 ¹

433 257 619 294 Paulum
642 257 725 292 Lm.
751 258 810 291 III.
833 257 943 291 ToM.
965 258 1006 291 II.
1029 257 1163 291 HAER.
1183 257 1378 292 Lxxvm.
1589 247 1671 289 425

130 337 605 395 >ffljadnatbratiunisque
623 337 750 393 gratia
774 337 874 393 qnod
898 337 1007 393 regia
1030 337 1218 393 quaedam
1242 337 1338 379 insit
1353 337 1393 379 iu
1413 336 1528 378 leone
1548 334 1675 391 digni-

128 414 214 462 us,
257 407 387 464 sitque
413 406 636 449 animalium
673 405 844 448 omnium
877 405 1179 447 audacissimum
1212 420 1258 446 ac
1290 405 1543 448 fortissimum
1571 403 1675 446 etin

126 476 274 521 asteris
294 475 478 519 omnibus
500 481 660 531 aspectu
692 472 1036 525 iucundissimum,
1083 488 1160 515 non
1191 474 1360 516 absurde
1385 480 1549 515 matrem
1571 471 1675 514 illius

124 545 305 593 leuna·
322 544 619 602 appellabimus.
680 540 762 598 Qui
781 542 885 585 enim
907 542 970 584 leo
987 542 1171 598 generari
1198 549 1326 598 potest
1347 542 1421 585 nisi
1442 549 1568 584 mater
1587 540 1675 583 eins

125 614 264 660 banaa
293 612 547 656 nominetur?
604 609 792 655 Ceterum
818 610 873 653 uti
897 610 1036 653 leaena
1065 612 1239 653 secundo
1264 625 1341 652 non
1372 610 1495 667 parit,
1536 610 1590 652 ita
1610 623 1675 651 sa-

126 689 334 729 maneta
357 681 471 737 virgo
491 679 622 724 Maria
643 680 805 723 alterius
826 686 961 736 partus
981 692 1128 736 expers
1150 680 1243 731 fuit,
1289 693 1336 721 ac
1366 679 1512 722 nullum
1536 693 1676 735 corpo-

128 751 186 796 rb
214 750 491 796 maenium
523 748 720 792 exercuit.

238 817 349 876 Quin
388 826 428 861 et
466 818 569 861 aliud
612 825 819 875 praeterea
852 817 1175 874 contemplemur.
1249 814 1340 858 Fuit
1380 816 1444 859 illa
1488 823 1733 873 perpetuaca
1714 837 1769 871 ομ
1784 825 1881 859 xm.

128 886 282 934 canuti
305 902 465 940 comes,
509 901 583 928 nec
604 886 654 928 ab
678 886 763 928 eius
782 886 983 928 consortio
1006 885 1174 928 divulsa.
1237 888 1399 926 Vocatus
1418 893 1477 926 est
1496 888 1602 926 Iesus
1625 887 1726 929 odlo
1728 898 1836 934 uma,
1854 897 1880 926 1.

127 961 304 1013 φας
347 956 479 999 statim
501 955 581 998 illic
602 964 723 997 nater
740 958 822 996 eim
839 963 878 996 et
890 956 1039 1009 fratres
1058 955 1291 1007 adfuerunt,
1332 967 1404 996 nec
1427 968 1591 1010 nsquam
1613 952 1677 996 lo-

128 1026 241 1085 aqbi
272 1025 437 1068 mentio.
499 1027 599 1078 Quid
625 1026 721 1065 mikae
739 1032 777 1064 et
797 1025 870 1065 1131
876 1054 888 1073 ,
932 1025 1096 1064 mulier?
1135 1026 1298 1064 nondum
1329 1026 1432 1064 venit
1458 1025 1553 1064 hora
1576 1037 1670 1064 ineu.

127 1093 224 1139 Nun
243 1094 369 1147 dixit,
409 1091 515 1149 Quid
540 1093 632 1135 mihi
659 1100 699 1134 et
721 1092 833 1138 vobis
855 1092 1049 1134 homines.
1114 1089 1211 1133 Item
1243 1091 1380 1134 aderat
1406 1089 1534 1134 Maria
1561 1090 1675 1147 Mag-

130 1163 293 1217 ate-e,
325 1169 366 1205 et
387 1160 518 1205 Maria
541 1159 764 1218 cleophae,
795 1167 836 1203 ct
861 1159 991 1203 Maria
1010 1167 1137 1202 mater
1158 1159 1276 1213 Rufi,
1319 1167 1361 1202 et
1382 1160 1506 1202 altera
1528 1158 1673 1212 Maria,

129 1240 173 1276 et
193 1229 355 1276 Salone
385 1245 472 1274 cum
504 1230 590 1272 aliis
622 1229 866 1272 mulieribus.
927 1228 1022 1272 Non
1054 1229 1155 1271 dixit
1183 1229 1262 1271 illic
1295 1227 1501 1285 losephum
1536 1228 1674 1280 luisse,

129 1301 196 1344 vel
220 1298 403 1344 Iacobum
438 1301 598 1341 fratrem
627 1298 789 1340 domini.
850 1295 928 1353 Qui
953 1298 1106 1354 quidem
1129 1298 1342 1354 nonaginta
1363 1311 1439 1339 sex
1460 1311 1585 1339 annos
1608 1311 1677 1339 ua-

129 1377 196 1414 tus
222 1382 279 1412 ex
312 1367 385 1411 hac
414 1368 494 1410 vita
526 1367 732 1419 discessit,
773 1381 860 1409 cum
899 1373 1123 1422 perpetuam
1155 1366 1419 1422 virginitatem
1456 1373 1674 1410 servasset.

129 1435 256 1483 Gui-
289 1443 407 1494 caput
440 1450 636 1492 nunquam
667 1436 774 1477 ferro
807 1436 1012 1477 detonsum
1046 1442 1132 1487 est3
1174 1449 1302 1491 neque
1333 1434 1369 1476 is
1398 1434 1550 1476 balneis
1581 1448 1677 1477 usus

130 1513 215 1559 eat,
256 1519 385 1562 neque
414 1505 627 1547 animatum
656 1504 861 1560 quicquam
888 1504 934 1545 ad
958 1503 1085 1545 cibum
1113 1503 1309 1556 adhibuit,
1356 1517 1481 1560 neque
1507 1503 1678 1546 tunicam

130 1575 294 1619 attera-
316 1573 465 1627 induit‚
497 1574 567 1616 sed
589 1574 695 1615 linco
718 1573 875 1629 palliolo
895 1573 1086 1614 duntaxat
1109 1586 1203 1615 usus
1223 1579 1310 1624 est,
1354 1572 1678 1629 quemadmodum

127 1649 299 1688 testam
319 1642 581 1700 evangelium.
642 1644 781 1695 Fugit,
815 1640 962 1697 inquit,
995 1643 1211 1682 adolescens
1233 1643 1368 1683 relicta
1387 1644 1565 1691 sindone,
1598 1656 1673 1696 qua
1714 1659 1814 1689 Mare.

129 1715 406 1755 mntem.
468 1709 572 1758 Nam
598 1708 767 1752 loannes
790 1717 829 1751 et
854 1708 1017 1753 lacobus
1040 1724 1115 1752 una
1137 1725 1224 1752 cum
1248 1708 1392 1752 Iacobo
1416 1717 1552 1753 nostro
1575 1710 1677 1752 idem
1726 1695 1770 1731 μ’
1787 1694 1834 1723 ‘⁵¹‘

129 1781 224 1825 itt-d
257 1780 363 1823 vitae
388 1778 607 1823 institutum
640 1779 811 1836 amplexi
847 1785 965 1831 sunt3
1008 1793 1172 1834 quorum
1199 1779 1275 1820 duo
1305 1779 1457 1835 priores
1481 1778 1680 1821 Zebedaei

132 1848 226 1902 atii,
256 1855 478 1906 postremus
500 1847 654 1905 losephi
677 1848 778 1890 lilius
800 1847 945 1889 domini
967 1848 1091 1890 frater
1112 1847 1326 1904 appellatus
1354 1855 1439 1900 est,
1473 1848 1574 1903 quod
1603 1860 1680 1889 una

132 1930 225 1960 n
243 1916 330 1974 ipso
353 1916 526 1960 nutritus
549 1925 665 1973 atque
689 1917 900 1967 educatus,
932 1916 981 1958 ab
1005 1930 1131 1972 eoque
1161 1915 1293 1958 fratris
1316 1916 1403 1958 loco
1430 1916 1481 1958 sit
1506 1916 1678 1967 habitus,

133 1991 296 2042 propter
318 1984 423 2028 illa·
445 1985 596 2027 scilicet
623 1999 737 2040 quam
770 1999 858 2026 cum
886 1982 1016 2027 Maria
1043 1984 1231 2041 Iosephus
1258 1985 1588 2027 necessitudinem
1613 1984 1681 2027 ha·

132 2052 240 2106 buit,
285 2067 451 2110 quocum
489 2060 574 2096 erat
607 2053 672 2096 illa
709 2053 933 2095 coniuncta.
1007 2050 1196 2096 Ceterum
1235 2054 1310 2096 soli
1348 2054 1437 2096 huic
1468 2053 1610 2096 Iacobo
1644 2053 1681 2095 id

134 2121 297 2165 honoris
321 2121 550 2164 attributum
577 2130 662 2173 eat,
704 2122 828 2164 semel
851 2129 894 2164 ut
913 2122 1122 2178 quotannis
1149 2122 1189 2164 in
1212 2129 1349 2164 sancta
1370 2130 1598 2164 sanctorum
1622 2122 1682 2164 in·

133 2189 392 2247 grederetur,
438 2189 539 2245 quod
577 2195 616 2231 et
648 2187 885 2233 Nazarenus
919 2198 1052 2243 esset,
1098 2197 1138 2233 et
1173 2205 1260 2233 cum
1293 2190 1528 2233 sacerdotali
1559 2191 1680 2247 stirpe

133 2258 385 2302 coniunctus.
447 2255 563 2300 Unde
593 2264 633 2299 et
662 2255 795 2300 Maria
821 2258 961 2314 duplici
989 2273 1076 2301 cum
1107 2258 1338 2302 Elizabetha
1372 2260 1607 2315 cognatione
1635 2272 1681 2301 ac

133 2326 424 2371 necessitudine
452 2325 661 2368 coniuncta
687 2326 780 2378 Iuit,
812 2332 854 2368 et
877 2326 1041 2369 lacobus
1062 2328 1273 2370 sacerdotii
1300 2327 1489 2383 dignitate
1515 2327 1680 2384 praesti-

133 2394 195 2438 tit.
257 2394 581 2452 Quandoquidem
608 2394 708 2436 duae
742 2394 830 2436 illae
858 2394 981 2437 tribus
1006 2395 1114 2438 solae
1140 2395 1307 2438 invicem
1332 2397 1552 2453 nuptiarum
1575 2410 1681 2437 com·

135 2463 283 2507 morcio
311 2463 598 2519 iungebantur,
630 2461 764 2518 regia,
807 2462 988 2519 inquam,
1029 2478 1115 2506 cum
1137 2464 1397 2517 sacerdotali,
1438 2472 1477 2506 et
1498 2465 1681 2506 sacerdo-

134 2532 226 2577 talis
247 2547 335 2576 cum
368 2532 494 2588 regia.
557 2529 892 2586 Quemadmodum
918 2531 1008 2573 olim
1043 2531 1114 2575 sub
1141 2533 1382 2588 egressionis
1414 2546 1465 2574 ex
1491 2532 1675 2589 Aegypto
1694 2548 1787 2578 nna.
1801 2549 1884 2585 1,..

132 2607 285 2660 tmpus
318 2599 505 2643 Naasson
542 2599 667 2642 tribus
701 2600 818 2642 ludac
851 2599 1032 2657 princeps
1063 2598 1335 2643 Elizabetham
1371 2601 1472 2643 illam
1509 2600 1678 2656 priorem

132 2668 307 2714 Aarunis
334 2667 449 2711 tiliam
478 2668 606 2710 duxit.
669 2666 734 2709 Ex
764 2681 840 2723 quo
874 2668 1015 2710 Iactum
1044 2675 1107 2711 eat
1138 2675 1180 2710 ut
1205 2669 1427 2725 complures
1460 2668 1680 2710 haeretico-

133 2751 220 2781 rum
241 2745 375 2781 aeetae
400 2734 549 2781 Christi
577 2736 722 2778 domini
748 2735 967 2792 prosapiam
995 2750 1042 2778 ac
1065 2736 1336 2792 genealogiam
1370 2737 1576 2793 ignorent,
1619 2744 1679 2779 at-

133 2818 209 2863 que
237 2805 289 2848 ob
310 2806 414 2848 illam
438 2819 548 2848 suam
577 2804 874 2847 haesitationem
911 2804 1024 2846 Iidem
1053 2812 1264 2860 arrogent,
1306 2819 1352 2846 ac
1378 2805 1584 2847 veritatem
1612 2820 1681 2863 op-

133 2887 307 2931 pugnare
327 2887 372 2917 se
397 2880 554 2931 putent,
587 2888 674 2915 cum
697 2872 789 2915 illud
817 2871 1029 2915 obiiciunt=
1072 2870 1154 2927 Qui
1175 2873 1257 2915 lieri
1284 2880 1413 2929 potest
1434 2880 1478 2915 ut
1501 2888 1602 2930 quae
1625 2888 1677 2918 ex

133 3009 788 3089 quumquumnintruucup.16.eudem
820 3019 883 3042 vox
927 3007 1228 3064 κάλασψὸἑὶῖδ
1251 3006 1591 3047 maneamne-som<
1606 3010 1679 3047 ton

132 3059 309 3089 Μαι.
517 3058 864 3111 ee‘cmsupmcap
952 3052 993 3089 πό
1030 3054 1095 3088 τῶν
1130 3054 1258 3101 χρόνων
1291 3051 1426 3101 Ἰωσήφ
1458 3057 1517 3092 τοῦ
1550 3054 1678 3101 ταύτης

135 3098 253 3145 Παρία
272 3099 373 3146 μὶνγ
437 3098 650 3146 ἅρμοσθεῖσα
669 3102 718 3147 τῷ
735 3097 881 3146 Ἰωσήφ,
928 3097 1110 3146 ὄρμαστοῦ.
