1976 3262
450 191 630 226 rsmnn
654 190 737 225 mn.
753 190 812 224 m.
836 191 945 226 ΤοΜ.
958 194 984 226 1.
1007 192 1139 227 nsua.
1153 192 1300 226 Lxxn.
1598 182 1653 224 49

106 272 193 316 aive
213 270 391 315 lumbrici
411 271 561 324 instar,
594 279 660 313 aut
683 278 813 313 terrae
836 271 1056 325 interanei,
1090 273 1249 315 missum
1274 278 1471 329 postremo
1497 270 1651 312 faciam.

106 338 189 385 lan
211 340 316 384 enim
338 339 450 384 brevi
471 340 675 402 admodum
689 347 873 396 ‘tempore
897 340 1000 382 illius
1023 349 1083 383 est
1104 340 1282 384 haeresis
1301 339 1502 397 dissipata.
1533 338 1653 381 Nunc

105 409 331 468 implorata,
359 415 406 452 ut
428 407 633 462 solemus,
659 422 733 465 ope
754 408 816 450 dei
846 408 894 450 ad
922 408 1093 465 reliquas
1122 410 1309 452 haereses
1339 407 1649 467 progrediemur.

396 592 699 644 CONTRA
743 591 1366 653 MARCELLIANOS,

362 688 474 739 quae
519 677 588 723 est
634 672 834 722 haeresis
878 670 1012 734 L11.‚
1060 672 1156 722 sive
1202 671 1400 722 LXXII.

220 773 302 819 Per
322 775 425 819 idem
446 782 598 832 tempus
620 777 729 827 (nam
756 774 796 816 in
818 774 982 816 eandem
1012 781 1182 816 aetatem
1211 773 1265 816 illi
1290 787 1427 815 omnes
1457 774 1653 826 incidunt)
1682 785 1765 831 cap.
1786 787 1810 819 1.

110 844 298 902 Ancyrae
326 842 543 887 Marcellus
573 843 727 894 extitit,
760 843 825 899 qui
855 843 904 884 ad
932 850 1067 884 nostra
1101 857 1224 899 usque
1256 851 1430 900 tempora
1461 843 1656 899 pervenit,

109 920 153 960 et
177 913 331 960 duobus
352 912 493 956 abhinc
523 911 609 969 plus
640 911 767 954 minus
791 911 906 953 annis
937 911 1048 953 obiit.
1110 910 1186 954 Hic
1217 911 1392 954 nonnihil
1424 913 1462 954 in
1488 912 1659 954 ecclesia

109 981 269 1029 divortii
298 981 507 1033 conflavit,
549 981 687 1023 eodem
710 980 794 1022 fere
826 986 868 1021 ut
897 980 980 1022 dixi
1013 987 1204 1036 tempore.
1267 980 1417 1023 Verum
1451 981 1659 1022 obscuram

110 1049 317 1096 dodun
353 1048 547 1106 dogmatis
583 1050 646 1092 sui
675 1048 1003 1103 significationem
1039 1049 1169 1102 dedit,
1219 1064 1306 1091 cum
1343 1050 1391 1092 ad
1423 1047 1586 1092 Sabellii
1623 1057 1665 1091 et

110 1116 263 1165 Nomi
293 1118 503 1162 factionem
532 1118 833 1174 adiungeretur,
878 1117 1042 1159 Arianis
1073 1118 1317 1174 potissimum
1348 1133 1418 1175 pro
1449 1133 1522 1160 suo
1553 1118 1592 1159 in
1617 1118 1663 1160 il-

112 1186 194 1232 lun
217 1187 309 1232 odio
328 1187 402 1230 boc
424 1186 550 1243 ipsum
580 1185 936 1243 exprobrantibus,
981 1186 1083 1242 quod
1115 1186 1296 1229 nimirum
1327 1188 1519 1230 adversus
1545 1185 1664 1228 Aria-

114 1269 194 1301 uua·
209 1255 482 1299 contenderet.
544 1253 648 1296 Hinc
679 1261 741 1297 est
772 1256 873 1311 quod
905 1269 929 1297 a
950 1255 1148 1297 nonnullis
1178 1269 1227 1297 eo
1252 1255 1411 1297 nomine
1434 1254 1662 1306 incessitur,

112 1324 226 1382 ,aui
244 1321 632 1368 ad-Sabellianorum
663 1323 934 1366 cavillationes
957 1323 1095 1380 partim
1123 1323 1364 1366 adhaeserit.
1427 1322 1576 1366 Verum
1599 1323 1666 1364 alii

113 1393 242 1437 siun
267 1392 560 1450 patrocinantes
591 1406 728 1434 verum
759 1392 796 1434 id
819 1405 908 1434 esse
937 1399 1107 1448 negant,
1152 1406 1175 1435 e
1199 1391 1399 1434 contrario
1430 1406 1528 1434 vero
1553 1406 1664 1448 prae-

113 1460 221 1506 clara
240 1460 349 1504 illum
371 1459 524 1503 vixisse
549 1475 594 1502 ac
618 1468 726 1502 recte
751 1461 926 1502 sensisse
948 1461 1192 1503 confirmant.
1256 1459 1366 1504 Unde
1391 1474 1532 1516 magna
1547 1461 1595 1502 de
1617 1474 1666 1502 eo

114 1529 388 1574 controversia
420 1528 587 1572 conflata
622 1537 699 1571 est.
762 1527 980 1571 Enimvero
1013 1543 1113 1585 quae
1147 1529 1187 1571 in
1219 1529 1323 1571 illius
1351 1529 1482 1570 animo
1513 1529 1667 1571 occulta

116 1599 275 1643 fuorunt
302 1597 369 1640 nni
390 1598 465 1640 deo
491 1598 648 1654 cognita
680 1604 787 1639 sunt.
850 1595 1038 1640 Ceterum
1070 1597 1174 1640 illius
1202 1604 1443 1649 sectatores,
1485 1604 1526 1639 et
1544 1597 1592 1638 ab
1618 1611 1666 1639 eo

116 1666 309 1719 instituti,
340 1681 429 1709 cum
454 1666 540 1709 eius
563 1673 732 1708 mentem
755 1666 1007 1722 ignorarent,
1040 1680 1112 1708 nec
1135 1679 1235 1722 quae
1259 1679 1354 1707 vere
1382 1665 1446 1707 ille
1472 1666 1668 1708 sensisset

118 1734 412 1793 exprimerent,
445 1742 527 1778 tres
551 1734 783 1792 hypostases
806 1734 983 1776 confiteri
1011 1734 1243 1786 noluerunt,
1284 1733 1341 1776 uti
1365 1733 1514 1776 veritas
1536 1734 1666 1786 docet,

118 1817 219 1861 quae
240 1817 356 1847 uuam
377 1811 515 1846 censet
538 1817 630 1846 esse
657 1803 901 1846 divinitatem
926 1817 1120 1859 unamque
1153 1803 1319 1858 gloriam
1347 1809 1386 1844 et
1410 1802 1669 1845 consubstan-

118 1871 249 1916 tialen
272 1872 511 1925 trinitatem,
554 1886 652 1928 quae
683 1872 779 1914 nihil
799 1872 839 1914 in
859 1871 985 1928 gioria
1009 1886 1082 1914 sua
1101 1871 1301 1913 diversum
1322 1870 1487 1924 babeat,
1533 1878 1667 1927 utpote

119 1941 295 1999 perlecta
313 1940 491 1993 trinitas,
523 1948 564 1984 et
587 1955 664 1983 una
685 1941 894 1994 divinitas,
928 1954 1005 1983 una
1026 1940 1176 1992 virtus,
1211 1954 1287 1981 una
1313 1939 1509 1992 essentia,
1543 1954 1671 1995 neque

119 2009 162 2053 in
182 2023 301 2053 unu-
324 2016 528 2053 contracta
550 2018 619 2052 aut
639 2011 826 2062 confusa,
861 2023 935 2052 nec
957 2009 1033 2051 ulla
1053 2008 1116 2050 sui
1140 2015 1250 2065 parte
1270 2007 1460 2060 inferior,
1492 2015 1559 2050 aut
1580 2008 1672 2050 sub-

120 2077 241 2122 iecta.
298 2075 515 2121 Marcellus
538 2085 669 2121 autem
700 2079 975 2121 nonnullorum
998 2076 1195 2120 sententia
1224 2091 1312 2119 cum
1343 2076 1487 2132 aliquid
1510 2077 1674 2133 amplius

121 2146 183 2190 bia
202 2152 383 2190 astruere
405 2146 546 2199 vellet,
578 2147 618 2189 in
643 2143 808 2190 Sabellii
828 2161 1005 2190 errorem
1026 2145 1212 2188 incidisse
1233 2144 1343 2187 visus
1368 2152 1446 2188 est.
1507 2143 1574 2187 Ex
1597 2160 1673 2201 quo

122 2215 266 2259 factum
295 2221 359 2259 est
381 2222 424 2258 ut
446 2214 551 2258 inter
580 2215 767 2258 haereses
804 2216 879 2258 ista
910 2228 1065 2272 quoque
1093 2214 1337 2256 recensenda
1368 2228 1414 2256 ac
1439 2214 1676 2256 confutanda

125 2283 298 2327 veniret.
356 2281 477 2326 Libet
498 2290 628 2326 autem
654 2290 694 2326 et
717 2283 821 2326 illius
845 2284 1067 2326 orationem
1092 2282 1310 2334 subiicere,
1342 2295 1456 2337 quam
1484 2282 1673 2337 purgandi

124 2352 186 2395 aui
210 2351 339 2409 gratia
368 2352 416 2394 ad
440 2351 580 2395 beatae
610 2351 824 2395 memoriae
857 2352 995 2395 lulium
1019 2350 1289 2394 Romanorum
1321 2351 1547 2407 episcopum
1575 2348 1675 2390 scri·

127 2419 219 2478 pail.
280 2417 372 2476 Qua
394 2434 450 2463 ex
473 2420 705 2463 defensione
726 2427 765 2462 et
788 2420 919 2463 libello
958 2420 1144 2463 nonnulla
1176 2426 1315 2461 contra
1342 2418 1538 2460 sinceram
1563 2417 1676 2459 tidem

128 2488 327 2546 opinatum
349 2502 441 2532 ease
463 2489 675 2532 constabit.
736 2486 894 2531 Etenim
916 2488 951 2532 si
978 2489 1072 2531 nihil
1097 2488 1145 2531 ab
1170 2487 1233 2529 illa
1259 2487 1457 2529 diversum
1484 2485 1678 2527 sensisset

129 2570 323 2614 unquam,
355 2557 558 2601 cuiusnam
581 2558 639 2601 rei
663 2556 789 2614 gratia
812 2556 910 2599 hanc
934 2557 1037 2599 illam
1057 2557 1117 2599 sui
1141 2556 1410 2612 purgationem
1435 2554 1675 2605 institueret,

130 2625 207 2669 uisi
232 2626 421 2683 quaedam
443 2625 492 2668 ab
516 2626 583 2668 illo
606 2640 740 2683 parum
764 2632 871 2668 recte
894 2625 1020 2682 posita
1040 2639 1086 2666 ac
1110 2623 1359 2681 pronuntiata
1383 2623 1537 2675 rorent,
1579 2634 1678 2678 quae

130 2707 219 2737 enm
244 2694 396 2751 aliquos
422 2694 740 2751 perturbassent,
772 2693 1006 2735 defendendi
1034 2694 1094 2735 sui
1120 2699 1235 2747 atque
1266 2690 1482 2733 excusandi
1505 2689 1679 2733 necessi·

132 2767 252 2806 tate·
281 2762 510 2806 attulerint?
567 2761 803 2819 Exemplum
834 2761 954 2818 igitur
983 2760 1173 2817 epistolae
1204 2758 1261 2801 sic
1292 2772 1336 2802 se
1368 2757 1498 2801 habet.

205 3022 626 3063 mquam-nutus.
1383 3026 1406 3064 4
