2020 3276
494 212 679 248 multu
700 211 786 245 Lm.
803 211 864 245 111.
887 210 997 245 ToM.
1015 211 1042 244 1.
1065 209 1201 244 ΗΔΕΒ.
1219 207 1381 242 Lxxvl.
1629 199 1711 240 277

160 294 303 339 &uin
324 293 475 336 iactura
506 294 610 335 facta
633 291 897 334 conditionem
927 290 1060 332 amisit
1084 289 1265 346 ingeniti.
1329 287 1464 344 Quare
1490 286 1710 330 substantia

160 360 316 421 quiden
333 362 467 419 genita
489 361 632 412 fuerit,
667 359 884 415 ingenitum
910 365 1040 400 autem
1065 358 1238 400 affectio.
1301 354 1416 411 Quod
1438 356 1472 399 si
1493 355 1624 412 genita
1646 369 1711 398 so-

158 431 272 475 botes
296 430 503 474 transitum
524 429 717 486 quendam
741 426 961 483 significat,
1003 440 1082 467 non
1113 425 1270 468 dubium
1296 432 1359 467 est
1378 425 1626 467 affectionem
1648 423 1710 466 in·

159 499 292 543 dicare
323 506 496 552 certam,
539 498 626 540 sive
656 497 820 552 quadam
845 509 867 537 e
891 493 1108 537 substantia
1131 494 1346 536 mutatione
1375 495 1619 536 conformata
1638 494 1708 547 sit,

160 568 248 613 aive
277 568 352 611 hoc
378 568 506 625 ipsum
537 573 600 609 est
624 565 756 622 genita
788 563 947 606 soboles
977 563 1079 619 quod
1111 576 1201 604 esse
1233 562 1389 604 dicitur.

272 633 478 680 confutat.
502 632 606 677 XX.
667 631 703 675 Ι.
735 630 964 674 Iamdudum
986 631 1034 673 de
1058 631 1133 673 hoc
1157 630 1389 688 privationis
1410 629 1570 687 negotio
1590 630 1710 672 multa

159 718 247 749 αι-
266 705 317 748 iia
338 704 404 762 qui
429 718 453 746 a
477 710 586 745 recta
618 701 692 744 lide
723 701 842 744 alieni
877 707 970 742 sunt
998 706 1267 742 consentanee
1303 699 1404 740 dixit
1430 699 1595 751 Aetius,
1642 713 1710 741 eo-

159 774 326 831 demque
353 786 441 814 cum
475 772 551 814 illis
582 770 712 812 studio
743 769 991 826 oppugnandi
1026 767 1206 810 catholici
1239 766 1432 823 dogmatis
1464 767 1590 810 elatus
1631 775 1708 820 est,

159 842 260 887 adeo
289 841 471 898 quidem,
517 839 613 882 nihil
640 845 684 880 ut
705 852 727 880 e
752 838 936 880 sincerae
961 836 1049 879 fidei
1072 835 1313 892 praescripto
1345 835 1594 891 pronuntiet,
1638 850 1712 878 nec

158 909 265 954 illius
293 908 515 953 sententiae
549 907 773 950 meminerit
803 920 901 962 quae
934 905 1126 948 adversus
1158 918 1229 946 eos
1261 910 1543 959 contorquetur
1568 904 1633 960 qui
1658 918 1712 947 ex

158 978 320 1036 ingenio
348 992 422 1021 auo
452 977 640 1034 pleraque
673 975 846 1018 inaniter
877 974 1080 1026 effutiunt,
1126 987 1254 1029 neque
1279 972 1327 1014 ad
1360 972 1449 1013 fidei
1481 972 1711 1030 principium

160 1047 463 1091 adhaerescunt.
526 1043 638 1100 Quos
669 1044 823 1100 quidem
844 1043 905 1086 his
927 1042 1060 1085 verbis
1094 1042 1290 1098 scriptura
1320 1041 1578 1084 condemnat:
1620 1045 1707 1096 Ego

160 1118 253 1158 diti
266 1118 307 1157 ἡ
327 1128 485 1156 exessu
507 1128 610 1162 meo,
645 1115 773 1153 Omnis
793 1114 901 1152 homo
920 1114 1103 1161 mendaoe5
1136 1111 1228 1152 item
1242 1142 1254 1163 ,
1295 1112 1526 1151 Humiliams
1544 1126 1626 1151 sum
1648 1115 1707 1152 ni-

161 1187 249 1227 nin.
308 1181 428 1226 Nunc
450 1189 579 1224 autem
602 1181 642 1222 iu
661 1179 800 1223 iisdem
822 1194 913 1223 sese
935 1193 1127 1231 versans,
1160 1179 1393 1236 privationis
1413 1179 1711 1236 affectionisque

163 1265 327 1303 vocam,
373 1257 415 1293 et
444 1250 637 1293 humanae
668 1263 714 1291 ac
747 1248 921 1291 lubricae
956 1248 1152 1306 opinionis
1185 1254 1505 1303 argumentorum
1541 1262 1642 1291 onus
1672 1255 1713 1290 et

164 1319 383 1363 molestiam
408 1319 662 1376 praeferens,
706 1331 752 1359 ac
776 1317 1006 1374 spiritaliter
1026 1316 1260 1358 diiudicatus
1279 1316 1477 1373 proprium
1502 1316 1621 1358 animi
1639 1317 1713 1358 im-

161 1394 292 1446 petu-
325 1388 374 1430 ab
405 1387 571 1430 humana
604 1385 814 1428 calliditate
840 1386 1056 1442 profectum
1083 1383 1251 1427 inhiberi
1281 1398 1360 1426 non
1383 1385 1553 1441 patitur,
1598 1386 1714 1441 eique

162 1463 208 1500 ut
229 1457 278 1499 de
300 1457 375 1498 deo
394 1469 495 1512 quae
514 1455 611 1497 velit
631 1454 838 1510 eloquatur
858 1454 962 1496 laxis
993 1453 1155 1495 habenis
1185 1452 1387 1509 permittit.
1451 1451 1559 1508 Quin
1578 1461 1619 1496 et
1640 1468 1713 1496 nos

163 1538 318 1583 qaoque
346 1531 436 1582 post
458 1523 577 1566 multa
604 1523 653 1565 de
678 1523 963 1579 privationibus
994 1522 1117 1565 verba
1151 1523 1252 1564 facta
1285 1522 1333 1563 ad
1360 1521 1461 1563 idem
1494 1529 1713 1564 retractan-

161 1594 252 1637 dam
275 1606 322 1635 ac
346 1593 595 1635 refutandum
616 1591 794 1648 impellit.
856 1591 1046 1633 Sufficere
1072 1590 1226 1647 quidem
1248 1597 1401 1647 poterat
1427 1590 1529 1646 quod
1549 1591 1596 1632 ad
1622 1604 1712 1633 eum

161 1661 418 1706 refellendum
439 1661 479 1703 in
503 1660 699 1717 superiori
722 1660 991 1702 confutatione
1013 1659 1205 1711 diximus,
1238 1659 1341 1715 quod
1362 1666 1523 1715 propter
1547 1659 1712 1701 eandem

160 1736 480 1788 argumentorum
505 1730 582 1772 vim
604 1743 650 1771 ac
667 1728 959 1771 similitudinem
981 1728 1169 1771 ambobus
1188 1735 1469 1784 opponeretur.
1510 1726 1592 1770 Sed
1617 1742 1713 1784 quo-

162 1800 267 1844 nian
288 1813 424 1856 vneque
451 1798 696 1841 contumacis
726 1798 809 1840 oris
834 1811 978 1854 equum
1002 1797 1264 1839 infraenatum
1288 1796 1511 1852 relinquere
1537 1810 1608 1853 par
1633 1804 1711 1849 est,

162 1868 250 1912 aive
283 1882 355 1926 per
385 1866 614 1925 praecipitia
648 1867 825 1919 feratur,
874 1866 960 1908 sive
994 1865 1231 1908 concitatum
1268 1879 1426 1907 cursum
1457 1865 1711 1922 represserit,

163 1950 292 1994 neque
314 1936 352 1979 ei
373 1935 521 1979 homini
543 1935 607 1992 qui
633 1935 769 1977 eadem
801 1935 993 1977 adversus
1024 1934 1138 1976 tidem
1174 1933 1345 1976 inculcat
1377 1934 1519 1975 cedere
1540 1941 1711 1990 oportet,

164 2012 210 2048 ut
230 2019 308 2047 non
333 2004 370 2047 ei
394 2004 710 2055 contradicatur,
752 2003 854 2046 hunc
883 2003 923 2045 in
950 2003 1105 2046 modum
1140 2002 1287 2045 idcirco
1313 2001 1618 2059 disputabimus:
1668 2000 1713 2045 Si

167 2073 409 2131 privationes
435 2072 588 2129 quidem
614 2071 867 2114 affectionum
894 2072 1084 2128 quaedam
1105 2071 1324 2114 ablationes
1341 2071 1444 2123 sint,
1477 2070 1711 2127 ingenitum,

166 2142 267 2199 quod
290 2142 366 2183 deo
387 2141 592 2193 tribuitur,
625 2141 689 2182 vel
708 2139 926 2182 affectionis
953 2141 1141 2196 quaedam
1167 2140 1335 2196 privatio
1359 2146 1436 2192 est,
1469 2139 1532 2181 vel
1558 2139 1714 2181 affectio

166 2209 376 2268 pn’vationi
399 2210 591 2267 opposita.
654 2206 776 2260 Item,
808 2209 842 2250 si
865 2208 1033 2265 privatio
1054 2208 1276 2251 affectionis
1299 2215 1375 2260 est,
1409 2222 1576 2264 quonam
1602 2214 1714 2263 pacto

166 2278 206 2322 id
234 2279 338 2336 qnod
368 2293 446 2320 non
478 2277 582 2319 inest
609 2276 684 2319 deo
714 2283 896 2333 tanquam
926 2276 1022 2319 insit
1052 2277 1259 2319 tribuitur?

284 2345 338 2389 ΙΙ.
400 2346 463 2389 Ad
508 2346 610 2387 hunc
647 2345 789 2401 igitur,
833 2345 896 2387 vel
931 2346 980 2387 ad
1012 2346 1129 2388 istum
1170 2346 1325 2388 modum
1366 2344 1541 2400 cogitare
1584 2349 1712 2399 potes,

168 2415 288 2467 Acti,
333 2428 380 2457 ac
404 2415 452 2456 de
480 2415 554 2456 deo
585 2413 851 2455 coniecturam
874 2426 1043 2471 capere,
1084 2421 1151 2456 tua
1174 2428 1271 2456 vero
1302 2412 1553 2455 nihilominus
1575 2411 1615 2453 in
1638 2412 1715 2468 pri-

168 2484 328 2527 vatione
349 2496 461 2525 mens
492 2482 730 2525 versabitur.
794 2479 950 2523 Etenim
985 2482 1192 2538 quantavis
1215 2496 1259 2524 se
1285 2481 1537 2523 contentione
1562 2479 1715 2522 animus

169 2558 260 2596 tuna
277 2552 323 2595 ad
348 2552 460 2594 deum
485 2550 634 2607 erigat,
666 2550 699 2591 si
724 2549 847 2592 solam
873 2549 985 2591 iidem
1012 2557 1051 2592 et
1070 2549 1383 2601 admirationem,
1416 2555 1456 2590 et
1480 2548 1637 2591 enixam
1662 2562 1716 2591 ex

172 2627 255 2664 toto
283 2627 442 2678 pectore
466 2618 797 2677 praedicationem
824 2617 1022 2674 excipias,
1064 2632 1113 2660 eo
1138 2618 1292 2660 tandem
1317 2617 1507 2673 redigeris
1535 2624 1577 2659 ut
1599 2600 1715 2674 appa-

164 2695 260 2732 reat
279 2689 394 2731 deum
420 2695 457 2730 te
482 2686 847 2731 ratiocinationibus
877 2686 1033 2742 assequi
1066 2686 1224 2728 minime
1253 2685 1451 2743 potuisse,
1497 2698 1571 2727 nec
1593 2684 1715 2742 ipsius

173 2757 318 2810 fllium,
362 2770 435 2799 nec
466 2756 643 2813 spiritum
679 2762 881 2805 sanctum,
928 2767 977 2796 ne
1008 2761 1047 2796 te
1076 2755 1284 2797 convincat
1319 2754 1415 2796 deus
1450 2767 1497 2796 ac
1523 2753 1716 2796 mendacii

173 2826 408 2881 redarguat,
451 2833 492 2867 ut
517 2825 704 2882 scriptum
739 2830 814 2865 est.
878 2820 987 2878 Ergo
1020 2830 1058 2864 et
1081 2823 1312 2865 affectiones
1338 2821 1377 2864 in
1402 2821 1540 2875 nobis,
1583 2829 1622 2864 et
1646 2837 1716 2865 vo-

171 2918 517 3006 Ὕκσέιῖωοκὲαὲνίῆ
548 2963 617 2996 cod.
640 2963 700 2995 Im.
728 2965 756 2994 et
782 2962 856 2994 editt
885 2961 923 2992 u·
967 2913 1530 3004 ᾍοωηξὴζιτιωτζᾶραῗαομμένη.)
1573 2916 1716 2949 rm

173 3010 230 3041 art
274 3005 503 3051 ταρισκόμινη
527 3009 594 3041 cod.
618 3008 747 3048 Rhcdig.
792 3016 922 3048 περικε-
1017 3004 1067 3037 10.
1091 2999 1163 3039 δ’ἂν
1184 2999 1264 3048 (δᾶν
1281 3006 1349 3040 cod.
1369 3006 1516 3051 libratu.)
1533 3007 1625 3041 codd.
1642 3015 1715 3041 nm-

175 3051 326 3098 κομιένη
354 3062 456 3095 ωας.
480 3054 529 3087 cd.
555 3055 663 3088 Paetcv.
686 3055 747 3096 (ια
771 3052 838 3085 cod·
860 3053 925 3085 Pc-
969 3053 996 3083 et
1021 3050 1093 3083 eda.
1116 3052 1215 3094 princ.

1751 1051 1864 1081 Paalm.

1741 1087 1804 1120 11⁵.
1822 1086 1864 1116 ιι.
1927 1118 1934 1126 ‚
