2020 3276
456 208 639 243 PANAnn
664 208 749 243 Lm.
768 209 827 242 nt.
848 209 957 243 ToM.
978 210 1005 243 1.
1031 209 1164 243 nanti.
1187 210 1332 244 Lxxv.
1597 202 1674 245 181

123 286 334 333 &doen
352 295 431 332 est.
492 285 566 330 Est
588 287 691 330 enim
716 288 919 331 amborum
946 303 1046 330 unus
1080 290 1201 341 ordo,
1244 304 1315 346 par
1349 296 1391 332 et
1419 289 1521 333 idem
1551 289 1680 333 bonor

122 369 170 401 u
186 355 372 412 dignitas.
433 354 580 400 Manus
601 355 765 413 imponit
783 356 1007 414 episcopus,
1042 358 1204 412 imponit
1225 366 1261 399 et
1283 359 1519 415 presbyten
1553 359 1679 416 bapti-

121 430 192 470 snt
218 424 450 483 episcopus,
490 424 592 467 idem
626 426 721 467 facit
756 432 796 467 et
833 425 1055 482 presbyter.
1118 423 1302 467 Divinum
1338 442 1493 470 omnem
1530 428 1676 470 cnitnm

118 492 367 537 administrat
387 494 617 551 episcopus,
660 508 737 535 non
764 493 894 535 minus
919 493 955 535 id
986 493 1079 535 tacit
1101 500 1141 535 et
1170 495 1392 552 presbyter.
1456 494 1676 554 Episcopus

119 561 160 605 i·
179 561 324 605 throno
341 563 471 615 sedet,
497 563 671 605 sedetet
693 561 917 619 presbyter.
963 560 1037 604 nis
1062 563 1100 603 in
1124 562 1264 618 vulgus
1289 564 1443 606 iactatis
1467 565 1675 621 plerosque

118 630 373 675 ineman
406 630 594 683 abduxit,
635 645 800 687 quorum
836 637 970 673 sectae
1014 629 1197 687 princeps
1232 632 1378 674 extitit.
1441 631 1673 686 Praeterea,

119 696 224 755 Quid
243 705 329 752 est,
370 698 519 756 iuquit,
552 697 729 752 Pascha,
774 700 875 755 quod
900 714 922 740 a
950 699 1063 741 vobis
1093 700 1347 742 celebratur?
1404 699 1602 743 Nimirum
1625 702 1674 744 ad

119 764 356 811 laneorum
388 767 514 810 adbuc
546 768 698 810 fabulas
730 767 1040 820 adhaerescitis3
1083 782 1211 824 neque
1241 769 1343 810 enim
1375 767 1582 813 Pascbatis
1608 784 1675 813 so-

116 835 303 883 len-itas
331 835 534 879 obeunda:
579 839 760 890 Quoniam
791 838 938 878 Pascha
961 845 1132 878 nostrum
1157 839 1370 878 immolatus
1391 846 1452 878 est
1476 841 1665 880 Christus.
1688 856 1713 886 ι.
1727 854 1798 885 eor.
1815 854 1880 891 ⁵.‘1·

117 901 255 962 Pergit
276 903 441 957 deinde,
485 903 562 958 Et,
595 919 693 962 quae
714 905 814 947 ratio
837 912 922 958 est,
955 905 1100 962 inquit,
1142 914 1231 962 post
1259 905 1407 948 obitum
1431 914 1674 950 mortuorum

116 972 316 1031 appellere
348 973 532 1016 nomina?
589 972 695 1016 Nam
719 981 761 1016 ut
782 974 897 1016 vivus
919 981 1028 1026 oret,
1073 981 1141 1016 aut
1171 974 1210 1016 in
1246 988 1440 1031 pauperes
1473 975 1574 1016 bona
1601 989 1674 1018 sua

117 1041 334 1098 dispenset,
366 1041 455 1099 qnid
475 1055 530 1084 ex
549 1055 596 1084 es
619 1056 662 1084 re
687 1043 841 1084 tandem
867 1043 914 1084 ad
937 1050 1132 1085 mortuum
1158 1043 1284 1085 redit?
1342 1042 1458 1099 Quod
1479 1043 1512 1085 si
1535 1057 1674 1100 super·

117 1109 252 1152 stitum
274 1123 413 1166 preces
434 1110 482 1152 iis
501 1111 566 1167 qni
588 1125 639 1153 ex
661 1110 733 1152 hnc
757 1104 835 1152 vita
859 1111 1118 1154 discesserint
1135 1112 1318 1168 opituiari
1342 1119 1523 1168 possunt,
1558 1127 1674 1155 nemo

116 1177 181 1235 pie
213 1177 398 1236 deinceps
434 1186 526 1234 ngat
556 1179 727 1236 aliquid,
771 1193 898 1236 neque
931 1179 1021 1222 boni
1046 1180 1251 1237 quicquam
1274 1180 1390 1232 facit,
1434 1181 1503 1222 sed
1524 1181 1674 1222 amicos

115 1245 191 1291 sibi
208 1246 363 1304 niiquos
384 1261 626 1303 quacumque
649 1248 803 1289 ratione
837 1247 930 1290 velit
954 1248 1164 1305 adiungat,
1207 1249 1294 1292 sive
1318 1249 1572 1306 pecuniarum
1596 1251 1674 1292 iar-

114 1313 290 1371 gitione,
331 1314 418 1357 sive
444 1316 626 1372 precibus
652 1317 726 1358 boc
749 1316 797 1358 ab
823 1316 900 1359 iliis
924 1316 996 1359 snb
1022 1317 1126 1359 vitae
1153 1318 1266 1359 tinem
1293 1317 1501 1374 impetret,
1534 1326 1577 1361 ut
1602 1333 1672 1375 pro

114 1396 160 1427 se
180 1382 296 1426 deun
316 1391 508 1436 exorent,
542 1391 584 1427 ut
610 1399 659 1426 ne
682 1385 760 1427 ittic
784 1384 926 1441 aliquid
955 1385 1189 1427 incommodi
1214 1386 1406 1442 patiatur,
1441 1401 1514 1429 nec
1536 1387 1673 1428 imma·

114 1450 221 1495 nium
239 1464 263 1494 ι
286 1465 332 1494 sc
355 1451 571 1495 facinorum
595 1467 747 1509 poenae
773 1460 1016 1510 repetantur.
1080 1453 1160 1496 Sed
1189 1468 1316 1511 neque
1343 1455 1495 1507 ieiunii,
1527 1455 1669 1512 inquit,

113 1519 341 1564 instituendi
364 1521 440 1563 uiis
465 1521 567 1562 ratio
591 1528 668 1564 est.
712 1520 823 1564 Haec
844 1522 946 1564 enim
971 1523 1099 1565 omnia
1125 1521 1358 1566 ludaeorum
1380 1524 1536 1580 propria
1560 1532 1668 1575 sunt,

111 1595 154 1633 et
170 1589 323 1632 cuidam
343 1590 548 1632 servitutis
571 1590 662 1645 iugo
682 1591 875 1633 subiecta.
938 1589 1094 1648 Quippe
1115 1595 1215 1632 insto
1235 1593 1344 1633 nulla
1365 1595 1430 1634 lex
1445 1596 1572 1646 posita
1589 1601 1661 1643 est,
1679 1606 1706 1635 1.
1719 1604 1799 1635 Tim.
1813 1606 1841 1642 1,
1851 1604 1878 1635 s.

109 1659 180 1701 sed
193 1660 404 1713 pomi-flas
423 1673 471 1699 ac
491 1661 702 1700 matricidis
722 1661 926 1709 duntaxat,
961 1668 1001 1701 et
1019 1663 1061 1701 id
1076 1675 1201 1714 genus
1220 1662 1324 1702 aliis.
1380 1659 1492 1717 ⁸Nam
1510 1662 1543 1703 si
1566 1661 1664 1704 ieiu-

111 1739 209 1769 ure
228 1726 389 1770 omnino
405 1727 666 1780 decreverim,
685 1742 930 1785 quacumque
953 1729 1112 1771 iibuerit
1126 1729 1207 1781 die,
1226 1739 1368 1786 sponte
1388 1737 1427 1772 ct
1442 1730 1596 1785 integra
1617 1730 1663 1772 ti-

111 1794 266 1838 bertate
288 1795 487 1838 ieiunabo.
523 1794 626 1838 ilinc
646 1803 707 1838 est
729 1798 832 1852 quod
857 1797 919 1838 isti
946 1797 1140 1839 dominica
1163 1798 1226 1840 die
1251 1798 1429 1840 ieiunare
1453 1799 1581 1856 potins
1603 1800 1662 1840 af-

111 1863 284 1916 recusat,
327 1871 463 1921 quarta
498 1878 595 1907 vero
617 1872 813 1922 sextaque
837 1865 935 1907 feria
962 1874 1192 1910 vescantur.
1255 1864 1501 1924 Quamquam
1528 1882 1668 1925 sarpe-

112 1945 276 1975 ιιι-οπο
297 1939 436 1988 quarta
456 1933 553 1975 feria
578 1933 770 1986 ieiunent,
803 1948 880 1976 non
904 1934 979 1976 utta
1005 1935 1110 1990 lege,
1143 1935 1213 1978 sed
1239 1936 1459 1988 voluntate,
1492 1943 1535 1978 ut
1557 1950 1668 1979 asse-

110 2007 229 2053 runt,
269 2000 433 2043 inducti.
491 1999 622 2044 Porro
651 2002 790 2044 dicbus
821 2002 917 2059 ipsis
952 2001 1182 2057 Pascbntis,
1225 2005 1326 2062 quod
1369 2011 1522 2061 tempus
1562 2004 1666 2047 humi

110 2068 314 2122 cubando,
346 2069 616 2112 castimoniam
645 2071 842 2113 servando
865 2071 1163 2129 afflictandoquc
1190 2087 1382 2130 corpore,
1425 2087 1499 2115 nec
1525 2089 1602 2116 non
1627 2082 1668 2117 et

110 2137 308 2181 aridorum
334 2138 510 2180 ciborum
545 2152 640 2190 usu,
683 2139 888 2195 precibus,
932 2140 1099 2196 vigiliis,
1144 2141 1324 2194 ieiuniis,
1369 2156 1415 2184 ac
1444 2142 1605 2199 reliquis
1627 2142 1664 2184 id

108 2219 235 2263 genus
273 2205 545 2249 ssiuberrimis
586 2208 764 2264 corporis
803 2210 1041 2252 cruciatibus
1071 2210 1275 2252 celebrare
1313 2210 1511 2263 solemus,
1558 2212 1610 2253 itti
1643 2225 1666 2253 e

109 2274 311 2318 contrario
335 2275 411 2317 iam
437 2282 516 2317 tum
537 2275 709 2317 diluculo
734 2276 920 2319 obsonari
945 2278 1091 2329 solent,
1124 2285 1164 2320 et
1184 2279 1368 2320 carnibus
1390 2279 1561 2335 vinoque
1585 2279 1665 2320 dis·

111 2342 208 2385 tenti
238 2342 490 2394 cachinnari,
532 2343 687 2395 ridere,
731 2358 878 2401 eosque
911 2346 974 2402 qui
1010 2347 1112 2388 iliam
1147 2345 1348 2389 Pasetmtis
1384 2347 1664 2389 hebdomadem

109 2411 370 2455 sanctissimis
407 2411 484 2453 iltis
522 2411 778 2468 reiigionibus
818 2415 1025 2456 traducunt
1063 2415 1230 2457 ludibrio
1273 2416 1433 2458 babere.
1507 2414 1664 2458 Etenim

111 2481 267 2522 tametsi
297 2481 525 2522 renuntiare
562 2496 606 2523 se
641 2482 759 2523 rebus
794 2482 975 2525 omnibus
1009 2484 1290 2540 prolitenntnr,
1336 2484 1493 2525 minime
1534 2492 1664 2526 tamen

110 2547 214 2591 vit-e
239 2548 330 2591 ittud
367 2549 585 2592 institutum
618 2550 857 2601 observant,
902 2551 971 2592 sed
1010 2552 1194 2594 carnibus
1228 2567 1273 2594 ac
1309 2552 1548 2593 vinolentiae
1581 2553 1666 2609 pius

110 2630 236 2673 nequo
273 2617 499 2674 induigent;
543 2618 616 2660 nisi
652 2620 751 2660 sorte
786 2618 896 2673 pauci
933 2619 1137 2661 admodum
1174 2621 1277 2662 iuter
1308 2620 1395 2662 ilios
1425 2627 1565 2676 sponte
1592 2635 1665 2665 sua

110 2684 279 2741 priorem
302 2685 406 2728 ittam
430 2686 532 2728 vitae
558 2687 748 2728 rationem
773 2686 984 2729 retineant.
1038 2686 1184 2730 Maiori
1211 2689 1313 2730 enim
1337 2702 1388 2730 ex
1412 2695 1519 2743 parte
1546 2690 1664 2746 iargi-

109 2752 243 2795 oribus
264 2754 404 2810 epuiis,
437 2755 635 2806 carnibus,
669 2770 714 2797 ac
738 2756 829 2796 vino
853 2768 943 2796 sese
961 2755 1217 2812 ingurgitant,
1252 2764 1292 2798 nt
1315 2771 1391 2798 non
1415 2758 1536 2799 semei
1559 2759 1661 2801 dixi·

111 2834 212 2864 mus.
253 2820 363 2865 tinec
389 2830 480 2865 sunt
505 2825 712 2881 praecipue
742 2838 842 2880 quae
874 2823 1020 2866 Aerius
1052 2825 1090 2867 in
1122 2827 1224 2867 tnmc
1255 2826 1437 2867 mundmn
1468 2829 1658 2871 evomuit.

109 2958 207 2991 auu
226 2957 443 3001 πατραλοίαις
462 2962 523 2996 καὶ
542 2960 761 3005 μητραλοίαιε
953 2961 985 2992 ¹¹*-
1023 2957 1252 3003 ἀναγκάζουσι
1287 2962 1438 3008 λέγοντας
1473 2967 1583 3000 vitium
1619 2970 1664 3001 est

156 3003 187 3036 7.
210 3004 295 3036 Eam
317 3000 389 3039 ἀλλ’
409 3003 491 3051 ὶδιᾳ.
539 3007 605 3042 Pro
623 3005 712 3050 φησὶ
734 3007 866 3047 sortasse
910 3007 978 3039 eod.
1011 3007 1139 3058 Ιξὴεάἰρ.

110 3049 306 3082 mundun
328 3049 425 3094 φασὶ.
956 3053 987 3086 9.
1011 3063 1078 3096 αρα
1102 3055 1174 3087 tior-t
1197 3056 1290 3097 uulgo
1312 3056 1434 3094 nabent.
