2020 3276
409 234 591 269 rammi
614 234 698 269 Lm.
720 235 777 268 m.
800 233 908 269 Tou.
928 235 969 268 11.
993 234 1126 268 naen.
1146 232 1335 267 Lxxvm.
1562 221 1638 262 411

102 318 216 374 ,Q
233 312 391 370 filioque
410 327 649 370 nequaquam
672 314 823 355 alienus
847 328 900 355 ex
923 314 1057 355 eadem
1079 321 1139 355 est
1163 313 1389 363 divinitate,
1431 324 1504 353 nec
1529 308 1577 351 ab
1598 322 1645 350 ea

100 381 471 441 φώραοα),
502 382 557 424 ita
577 383 652 423 deo
678 381 948 438 praescribere
968 396 1083 437 quam
1107 382 1192 423 eius
1218 379 1471 438 praescriptis
1494 377 1646 420 obtem-

100 453 244 509 ,ἀίω
269 449 447 492 malunt?
501 448 596 492 Non
629 450 734 492 enim
766 450 856 492 illos
886 450 1003 506 pudet
1037 450 1204 491 alienum
1241 448 1419 505 spiritum
1449 453 1646 498 sanctum,

99 531 282 569 mm,
312 524 558 571 mat-nm,
590 518 849 560 recentiorem
877 532 922 559 ac
943 519 1084 560 factum
1110 518 1265 569 dicere,
1307 531 1354 558 ac
1376 517 1410 558 si
1432 515 1521 572 quid
1544 514 1648 556 aliud

99 586 243 632 hillo
259 586 430 642 confingi
450 594 563 644 turpe
586 593 738 643 potest,
783 601 832 628 eo
855 587 893 629 in
917 587 1042 643 ipsum
1064 586 1248 628 libentius
1269 585 1516 641 excogitare.
1579 580 1649 625 Sic

99 654 399 712 §nundus
419 654 495 696 iste
519 654 804 697 vehementiori
825 662 864 697 et
883 655 1089 697 insanabili
1110 655 1350 710 infidelitatis
1369 654 1533 695 vulnere
1554 665 1649 692 con-

83 716 231 767 'tunn-
248 729 336 775 eat‚
378 730 422 765 ut
444 723 651 779 iniquitas,
697 737 796 779 quae
814 723 1020 766 humanum
1041 737 1166 780 genus
1197 723 1368 765 funditus
1395 722 1545 778 perdit,
1590 718 1650 763 ni-

99 790 155 835 bil
174 791 224 834 d
246 805 438 835 summam
471 791 706 847 nequitiam,
751 792 947 848 perfidiam
978 792 1319 848 ignorantiamque
1344 790 1644 847 praetermittat.

99 858 192 918 Q
210 860 364 903 ratione
388 860 556 902 miseros
581 859 702 912 istos,
735 860 799 916 qui
828 859 999 920 priorem
1023 860 1128 902 illam
1152 860 1192 902 in
1219 866 1512 901 sacrosanctam
1536 857 1649 899 trini·

99 934 221 981 tata-
242 928 516 972 coutumeliam
541 928 777 984 effugerant,
810 929 938 970 otiosa
961 943 1008 970 ac
1031 929 1270 985 nequissima
1293 942 1364 970 sua
1392 927 1577 982 cogitatio
1600 925 1648 967 ad

99 995 178 1042 ὦ
197 997 389 1054 pedam
416 1003 669 1038 transversos
695 996 887 1054 abripuit,
921 1011 970 1039 ne
992 998 1078 1053 quis
1103 1004 1303 1053 peccatum
1327 1011 1440 1039 suum
1469 994 1649 1037 dissimu-

99 1064 346 1122 loeewpuait.
406 1063 562 1107 Etenim
587 1065 724 1107 nescio
754 1080 868 1121 quem
893 1066 1011 1108 audio
1032 1066 1224 1108 adversus
1247 1064 1532 1108 sanctissimam
1560 1077 1648 1120 per-

100 1138 335 1190 petu-que
354 1132 548 1188 virginem
565 1131 735 1176 Mariam
761 1134 940 1176 meditari
961 1134 1154 1186 nonnihil,
1186 1148 1232 1176 ac
1254 1133 1537 1176 contumeliosa
1554 1146 1647 1188 qua-

100 1201 190 1244 de·
228 1199 415 1258 opinione
451 1201 556 1243 illius
597 1201 784 1244 bonorem
826 1203 1041 1245 incessere.
1114 1201 1180 1260 Eg
1218 1217 1295 1258 quo
1336 1201 1428 1244 illud
1468 1208 1645 1258 apparet,

99 1276 275 1315 mra-
297 1269 398 1312 banc
420 1276 689 1326 tempestatem
710 1271 867 1312 letifero
892 1271 1043 1313 cuidam
1067 1257 1239 1326 serpenti
1263 1284 1309 1312 ac
1336 1278 1531 1313 venenato
1556 1282 1646 1311 esse

98 1337 358 1391 himinam,
389 1338 454 1394 qui
474 1339 513 1380 in
540 1339 713 1381 tenebris
736 1340 995 1391 delitescens,
1027 1340 1182 1382 infestis
1204 1353 1341 1381 omues
1363 1339 1558 1381 morsibus
1581 1353 1647 1394 ap-

99 1412 223 1463 petat,
253 1413 372 1463 atque
392 1407 433 1449 in
457 1407 570 1449 buius
593 1407 743 1449 vultum
766 1407 870 1450 illius
892 1411 1055 1461 calcem,
1089 1423 1245 1450 manum
1268 1408 1431 1450 alterius
1452 1408 1644 1459 incurrat,

98 1481 143 1518 at
160 1487 217 1518 ιο
231 1474 320 1531 qai·
341 1475 580 1517 infidelitatis
602 1489 774 1517 morsum
797 1475 951 1533 penitus
975 1477 1098 1533 possit
1117 1478 1304 1529 evadere,
1335 1478 1405 1518 sed
1426 1477 1489 1533 qui
1512 1477 1550 1518 iu
1568 1491 1647 1519 uno

98 1555 248 1600 genem
269 1543 378 1586 virus
402 1544 610 1599 effugerit,
642 1544 681 1585 iu
701 1544 826 1586 altero
849 1558 893 1586 se
916 1545 964 1588 ab
995 1559 1044 1587 eo
1067 1545 1287 1587 subducere
1310 1559 1357 1587 ac
1378 1546 1554 1588 devitare
1579 1559 1648 1587 ne-

99 1617 243 1668 queat,
273 1625 322 1655 ac
340 1612 406 1668 qui
428 1612 468 1654 in
491 1612 578 1654 aliis
600 1611 866 1669 incorruptam
887 1613 1001 1655 fidem
1025 1615 1193 1666 retinet,
1226 1614 1305 1656 alio
1332 1615 1448 1656 modo
1469 1616 1645 1656 fraudem

98 1678 178 1724 tibi
204 1680 499 1737 perniciemque
528 1680 765 1723 consciscat.

212 1746 417 1792 undenam
443 1763 540 1791 vero
564 1749 659 1791 baec
683 1749 911 1805 improbitas
933 1751 1122 1793 emersit?
1181 1750 1293 1794 Unde
1326 1759 1432 1794 tanta
1471 1753 1647 1808 prorupit
1671 1765 1751 1808 cup.
1775 1763 1831 1796 vl.

98 1816 288 1860 adonin?
342 1815 490 1860 Nonne
523 1818 587 1860 vel
618 1818 743 1874 ipsum
775 1832 917 1860 nomen
947 1819 1099 1861 abunde
1126 1821 1383 1863 testificatur?
1439 1819 1534 1863 Non
1562 1821 1646 1872 tibi,

98 1884 217 1928 ΙΙ..
248 1885 590 1942 pervicacissime,
634 1887 736 1928 istud
768 1886 893 1942 ipsum
930 1889 1169 1943 persuadet?
1228 1887 1329 1944 Quis
1364 1889 1443 1931 ullo
1472 1896 1648 1946 tempore

98 1965 271 2009 unp·-
294 1953 429 1996 extitit
446 1954 512 2010 qui
534 1962 696 1997 sanetae
717 1953 873 1997 Mariae
895 1969 1038 1998 nomen
1060 1957 1256 2013 appellare
1284 1958 1468 2009 auderet,
1502 1965 1542 1999 et
1569 1972 1647 1999 non

99 2027 264 2078 uptun
294 2020 461 2064 abinde
492 2022 658 2079 virginis
690 2024 921 2066 vocabulum
957 2024 1172 2067 adiiceret?
1241 2025 1346 2068 Nam
1378 2027 1416 2068 in
1456 2026 1648 2068 adiunctis

99 2088 320 2132 istiu-odi
336 2090 501 2133 vocibus
521 2091 677 2134 virtutis
697 2092 840 2134 indicia
864 2092 1074 2134 collucent.
1136 2092 1292 2151 Quippe
1311 2095 1425 2137 iustis
1448 2095 1644 2145 omnibus,

99 2170 173 2213 pro
193 2169 244 2200 eo
265 2171 313 2200 ac
335 2157 515 2214 singulos
538 2158 725 2222 decebat,
767 2173 840 2202 sua
862 2160 1003 2216 cuique
1026 2169 1118 2203 sunt
1141 2163 1340 2217 dignitatis
1363 2163 1548 2206 attributa
1579 2178 1648 2204 no-

99 2225 223 2268 mina.
282 2222 342 2268 lta
373 2226 573 2268 Abraamo
598 2230 714 2268 amiel*
739 2230 804 2268 dei
834 2229 968 2271 titulus
990 2232 1307 2273 accommodatus
1331 2240 1417 2282 est,
1463 2245 1589 2287 neque
1615 2231 1648 2272 is
1667 2251 1727 2279 m„
1745 2251 1772 2286 2,
1790 2251 1834 2279 n.

98 2307 268 2351 unquam
286 2294 509 2337 intercidet.
560 2292 676 2337 iacob
696 2308 792 2338 vero
810 2299 966 2338 Israelis
983 2312 1202 2354 cognomen
1224 2300 1311 2341 siue
1333 2301 1409 2342 ulla
1432 2301 1646 2341 mutatione
1666 2319 1851 2355 oanan,

98 2374 349 2406 eoncessum.
410 2362 592 2420 Apostoli
613 2377 765 2420 quoque
790 2367 1026 2419 Beana-ges,
1046 2363 1134 2408 ‘boc
1158 2374 1234 2418 est,
1267 2370 1538 2422 tonitruifilt‘13
1574 2382 1644 2409 uo·
1663 2388 1851 2426 mue-am.

98 2429 236 2495 minati
257 2438 374 2482 sunt,
407 2445 480 2473 uec
498 2431 575 2473 ulla
599 2431 683 2473 dies
706 2446 848 2474 nomeu
876 2433 977 2476 istud
1001 2434 1240 2477 obliterabit.
1302 2435 1372 2479 Sic
1396 2443 1531 2479 sancta
1562 2433 1648 2477 Ma-

97 2498 158 2544 rt·
182 2498 298 2558 virgo
330 2507 598 2557 nuncupatur,
643 2512 716 2541 uec
746 2500 952 2557 appellatio
981 2502 1057 2544 ista
1087 2502 1295 2560 aliquando
1329 2504 1645 2547 commutabitur.

97 2564 212 2612 llaec
237 2567 340 2611 euim
378 2576 564 2625 perpetuo
599 2568 821 2624 incorrupta
858 2570 1083 2625 permansit.
1145 2569 1230 2614 Cur
1259 2572 1379 2627 igitur
1403 2586 1474 2614 vos
1508 2580 1648 2614 natura

0 2655 13 2695 ς
96 2634 183 2695 ipa
203 2649 283 2680 non
302 2636 444 2679 docet?
502 2635 539 2679 Ο
562 2636 774 2678 inauditam
797 2636 1014 2680 insaniam!
1048 2652 1071 2680 ο
1094 2648 1388 2696 praeposteram
1408 2640 1645 2682 novitatem!

97 2700 224 2763 “dte
252 2712 345 2748 suut
366 2713 572 2761 praeterea
599 2718 698 2760 quae
725 2704 865 2760 priscis
891 2705 1129 2761 temporibus
1155 2707 1326 2750 maiores
1349 2710 1474 2750 nostri
1501 2723 1648 2765 nequa·

0 2749 18 2811 ’Ὺ
92 2785 212 2830 quam
245 2772 423 2829 aggressi
448 2781 555 2815 sunt.
618 2772 745 2815 Hodie
777 2787 872 2814 vero
896 2774 994 2816 alius
1021 2774 1058 2816 in
1086 2783 1323 2832 assumptam
1351 2791 1371 2817 a
1396 2775 1557 2820 Christo
1581 2792 1648 2820 na-

98 2847 226 2884 m·-
259 2842 568 2884 ooutumeliosus
605 2849 689 2892 est,
738 2849 777 2882 et
806 2842 988 2883 inusitata
1023 2843 1212 2898 quaedam
1246 2845 1294 2885 de
1325 2845 1527 2888 divinitate
1562 2846 1646 2904 ipsa

97 2908 312 2966 praedicat.
371 2909 487 2952 Alius
507 2909 631 2967 ipsum
657 2910 748 2952 illud
781 2910 1063 2952 incarnationis
1097 2911 1294 2965 negotium
1326 2926 1503 2956 mancum
1530 2922 1645 2971 atque

98 2974 368 3034 imperfectum
402 2978 628 3028 constituit,
677 2979 778 3020 alius
816 2978 1107 3020 resurrectione
1142 2987 1383 3023 mortuorum
1417 2983 1644 3036 offenditur,

100 3065 160 3102 θεν
177 3063 202 3112 ἢ
226 3064 376 3112 τοσαύτη
404 3067 538 3114 τόλμα,
571 3065 654 3107 αὐτὸ
683 3067 722 3106 τὸ
747 3064 851 3114 ὄνομα
876 3067 915 3105 ου’
933 3074 1114 3116 μαρτυρεῖς
1137 3067 1176 3107 οὗ
1190 3071 1301 3110 πείθει
1315 3083 1367 3118 σε,
1390 3066 1421 3110 ὦ
1435 3072 1624 3119 φιλόνεικε;
