2020 3276
399 255 580 290 mmm!
605 255 684 288 Lm.
710 254 767 287 in.
790 254 898 288 ΤοΜ.
923 254 966 287 n.
990 253 1122 287 ntum.
1146 253 1313 285 Lxxtx.
1552 243 1635 284 453

90 335 378 380 werd-edun
407 349 460 379 ex
482 333 645 377 canonis
667 332 911 391 praescripto
931 340 992 375 est
1012 347 1058 375 ac
1079 333 1215 388 regula
1237 332 1473 374 consultum.
1535 329 1635 373 Pro·
1676 353 1701 381 1,
1722 352 1792 380 00„

89 411 222 463 pterea
245 418 295 448 ue
318 407 426 460 loqui
439 407 585 459 quidem
608 406 647 444 in
669 405 827 444 eeclesia
848 404 1020 450 muliim',
1064 408 1130 442 aut
1160 400 1199 442 in
1231 400 1339 441 viros
1365 399 1636 442 auctoritatem
1699 387 1740 422 η’
1757 387 1798 415 ³⁴·

88 473 236 518 habero
255 486 397 517 uerae
417 472 555 515 literae
579 471 821 528 permittunt.
885 467 965 513 Sed
987 470 1035 511 de
1053 470 1125 511 hac
1150 476 1229 510 tota
1253 482 1297 510 re
1317 468 1427 524 plura
1447 469 1636 525 disputari

88 534 268 600 penem.

200 607 302 653 Illud
331 623 430 652 vero
465 609 673 664 diligenter
703 605 992 650 observandum
1029 612 1113 658 est,
1167 605 1293 647 solum
1324 604 1635 647 diaconissarum
1663 605 1820 651 cap.1v.

88 678 255 722 otei-n
288 678 337 721 ad
369 677 679 720 ecclesiasticum
712 675 887 718 ordinem
925 674 1193 716 necessarium
1230 675 1377 726 fuisse,
1423 689 1469 715 ac
1502 674 1639 716 viduas

87 746 242 803 quiden
265 746 492 789 nominatim
514 759 743 802 expressas,
776 751 816 786 et
837 744 941 785 iuter
961 743 1064 795 illas,
1097 756 1195 798 quae
1221 756 1320 784 anus
1346 750 1496 793 esseut,
1529 756 1639 798 pres-

87 813 243 873 hyada-
261 822 438 866 vocatas,
464 827 660 869 nunqnam
680 811 971 870 presbyteridas
993 818 1060 853 aut
1081 811 1366 853 sacerdotissas
1385 825 1474 852 esse
1494 812 1634 852 factas.

86 876 192 927 Nun
212 896 340 940 neque
359 881 535 925 diaconis
552 881 705 938 quidem
728 881 824 938 ipsis
847 880 964 923 ullum
990 879 1030 921 in
1053 879 1324 922 ecclesiastico
1349 880 1486 921 ordine
1505 893 1639 921 sacra-

88 948 260 996 mentum
274 950 470 1009 perficere
493 950 743 1003 conceditur,
777 950 845 992 sed
868 949 941 990 hoc
963 949 1168 999 duntaxat,
1202 955 1245 990 ut
1267 961 1403 989 eorum
1426 961 1525 1003 quae
1550 962 1638 1003 per-

33 1029 46 1038 ·
88 1017 272 1065 ficiunt-1·
306 1019 473 1062 ministri
508 1019 601 1060 sint.
664 1017 866 1061 Uudenam
894 1017 1013 1074 igitur
1044 1030 1186 1058 recens
1208 1016 1276 1058 illa
1306 1015 1418 1058 nobis
1443 1024 1502 1056 est
1528 1016 1638 1057 exci-

87 1095 170 1131 tata
190 1087 347 1131 tub-tat
403 1086 516 1131 Unde
537 1087 599 1129 hic
622 1087 826 1129 mulierum
852 1087 999 1137 fastus,
1031 1085 1096 1128 vel
1121 1084 1321 1127 muliebris
1349 1085 1477 1140 potius
1502 1085 1638 1125 furor?

86 1154 201 1200 Unde
233 1169 330 1198 vero
361 1155 531 1212 nequitia
556 1155 643 1207 illa,
686 1169 800 1211 quam
831 1154 959 1196 denuo
986 1154 1128 1196 mulier
1150 1154 1219 1195 alit
1243 1167 1288 1195 ac
1313 1154 1443 1204 fovet,
1489 1153 1638 1194 effemi-

87 1231 218 1268 natum
252 1223 356 1267 istud
389 1225 528 1280 dogma
562 1223 702 1266 animis
738 1222 935 1266 hominum
966 1222 1186 1272 instillans,
1230 1236 1274 1264 ac
1299 1222 1497 1264 libidinem
1526 1236 1637 1263 suam

88 1289 318 1351 exequens,
361 1293 508 1335 infelici
535 1292 693 1349 generis
718 1291 874 1334 humaui
900 1298 1062 1333 naturae
1089 1291 1166 1332 vim
1190 1290 1337 1332 inferre
1364 1297 1552 1342 conatur,
1595 1297 1639 1331 ut.

86 1376 112 1405 a
135 1361 338 1421 proposito
363 1375 484 1417 scopo
510 1361 728 1403 desciscat?
788 1358 869 1402 Sed
901 1374 974 1402 nos
1001 1357 1084 1401 lobi
1121 1359 1282 1416 spiritus
1305 1359 1392 1400 illos
1418 1359 1550 1400 animo
1574 1372 1638 1400 ca-

86 1429 263 1489 pham,
303 1438 344 1472 et
374 1430 543 1471 athletae
569 1428 771 1471 fortissimi
793 1427 937 1470 robore
958 1428 1066 1470 velut
1089 1428 1210 1469 armis
1234 1427 1463 1478 induamur,
1505 1441 1551 1468 ac
1574 1441 1638 1468 re-

86 1512 233 1557 muto
262 1498 366 1542 illius
398 1505 575 1550 utamur,
621 1501 810 1552 Tanquam
843 1511 918 1537 una
950 1512 971 1536 e
999 1499 1148 1537 stolidis
1177 1497 1396 1536 mulieribus
1426 1498 1552 1535 locuta
1575 1509 1629 1535 es.
1653 1514 1716 1542 tob.
1735 1513 1763 1550 ²,
1783 1514 1824 1543 ιο,

87 1562 246 1615 Etenim
278 1580 408 1609 nonne
442 1566 629 1609 furiosum
664 1566 756 1608 illud
789 1579 836 1607 ac
863 1565 1073 1607 vecordiae
1096 1564 1250 1621 plenum
1275 1564 1416 1619 dogma
1442 1563 1640 1604 videbitur

86 1634 138 1679 ib
160 1636 226 1694 qui
249 1634 436 1678 divinitus
465 1642 626 1691 accepta
658 1634 848 1691 sapientia
875 1633 1038 1689 praediti
1065 1634 1184 1675 sunt?
1242 1631 1389 1674 Nonne
1418 1631 1637 1673 institutum

86 1703 180 1749 illud
201 1718 289 1747 cum
322 1702 540 1746 idololatria
562 1703 812 1745 coniunctum
838 1716 885 1744 ac
915 1701 1132 1743 diabolicus
1162 1708 1326 1743 conatus
1354 1700 1638 1742 existimandus

87 1767 181 1816 eet!
233 1770 336 1815 Nm
355 1771 534 1815 diabolus
558 1771 629 1814 sub
649 1771 823 1814 iustitiae
850 1770 982 1827 specie
1005 1776 1194 1827 perpetuo
1219 1769 1415 1811 hominum
1443 1768 1638 1810 mentibus

88 1838 306 1899 obrepens,
346 1854 391 1883 ac
426 1841 628 1883 mortalem
658 1847 836 1882 naturam
865 1838 1007 1880 divinis
1028 1837 1243 1880 honoribus
1266 1851 1532 1888 consecrans,
1567 1837 1637 1878 hu-

87 1921 224 1952 man-e
251 1907 398 1965 efigies
430 1908 680 1951 artificiorum
705 1908 898 1950 varietate
926 1907 1137 1965 perpolitae
1160 1906 1358 1948 bominum
1381 1906 1505 1948 oculis
1529 1905 1637 1947 obie-

89 1976 159 2019 cit.
217 1974 355 2032 Quare
381 1990 467 2020 cum
498 1976 552 2019 illi
587 1976 660 2033 ipsi
693 1977 757 2032 qui
788 1976 1000 2018 adorantur
1025 1975 1166 2017 mortui
1194 1975 1296 2027 sint,
1339 1988 1474 2016 eorum
1506 1981 1638 2016 tamen

89 2044 298 2087 simulacra
313 2076 326 2098 ‚
368 2058 468 2101 quae
499 2045 603 2087 vitae
626 2045 720 2086 nibil
746 2058 914 2101 unquam
938 2043 1158 2086 habueruut
1187 2046 1334 2099 (neque
1355 2043 1457 2085 enim
1481 2049 1636 2084 mortua

89 2111 166 2155 dici
188 2119 352 2171 possunt
372 2112 437 2155 illa
457 2126 556 2168 quae
581 2126 777 2169 nunquam
803 2112 884 2155 vita
907 2113 1081 2169 praedita
1109 2112 1289 2165 fuerint),
1322 2111 1522 2153 adoranda
1547 2125 1638 2167 pro-

0 2238 4 2242 .
88 2188 263 2239 ponunt,
306 2180 364 2223 sie
397 2188 440 2223 ut.
470 2181 623 2223 animus
657 2181 853 2223 hominum
886 2181 935 2223 ab
969 2195 1047 2223 uno
1071 2181 1233 2236 soloque
1258 2181 1331 2222 deo
1362 2180 1515 2222 nefario
1542 2194 1639 2235 quo-

89 2251 177 2299 dj-
197 2249 391 2292 adulterio
411 2247 627 2301 desciscat3
660 2249 770 2291 velut
791 2249 996 2302 meretrix,
1030 2263 1128 2305 quae
1149 2262 1315 2305 corpore
1338 2263 1411 2290 suo
1433 2255 1637 2304 quaestum

90 2318 238 2361 faciens
261 2317 534 2374 multiplicibus
560 2317 804 2373 promiscuae
828 2317 988 2360 veneris
1008 2317 1177 2359 stimulis
1200 2318 1353 2374 agitur,
1387 2324 1426 2358 et
1453 2317 1567 2357 unius
1593 2329 1638 2356 ac

90 2386 252 2444 legitimi
274 2385 510 2429 matrimonii
537 2385 756 2427 castitatem
789 2385 980 2442 repudiat.
1044 2383 1232 2427 Sanctum
1258 2392 1342 2427 erat
1368 2383 1521 2426 Mariae
1549 2397 1639 2425 cor-

91 2469 187 2512 pus,
221 2455 370 2507 fateor,
404 2468 480 2496 non
502 2460 630 2495 tamen
654 2453 748 2494 deus
768 2452 833 2494 illa
859 2452 944 2495 ruit.
1006 2451 1154 2495 Eadem
1179 2460 1218 2495 et.
1240 2453 1353 2508 virgo
1378 2452 1533 2503 extitit3
1567 2450 1639 2492 mi-

91 2523 194 2566 nime
217 2530 345 2566 tamen
367 2522 479 2565 nobis
503 2522 550 2563 ad
578 2521 816 2563 adorandum
842 2521 1062 2577 proposita,
1105 2521 1174 2563 sed
1201 2535 1289 2563 eum
1321 2522 1491 2563 adorans
1512 2520 1637 2576 ipsum

91 2591 200 2648 qde
217 2606 288 2635 sua
311 2605 431 2634 carne
452 2590 627 2647 genitus,
661 2603 683 2631 e
703 2589 815 2631 coelo
836 2603 883 2631 ac
902 2595 1066 2645 paterno
1082 2589 1170 2631 sinu
1193 2589 1467 2632 descenderat.
1502 2586 1637 2642 Quare

91 2666 268 2702 anetum
286 2673 442 2717 quoque
466 2672 538 2701 nos
561 2657 807 2713 evangelium
828 2657 1076 2713 praemunire
1098 2657 1245 2709 voluit3
1278 2658 1317 2699 in
1342 2671 1419 2713 quo
1443 2657 1495 2699 ita
1521 2653 1639 2698 Chri-

93 2734 180 2771 stu
211 2727 405 2785 loquitur:
450 2730 550 2780 Quid
577 2729 672 2768 mihi
699 2734 736 2766 el
769 2727 841 2766 eibi
870 2727 1033 2766 multer?
1090 2728 1263 2766 Nondum
1296 2729 1397 2766 venit
1416 2727 1510 2765 liora
1536 2739 1631 2765 mea.
1649 2734 1751 2764 tonna.
1764 2735 1824 2768 m.

92 2793 167 2839 Ubi
188 2794 335 2839 idcirco
359 2796 560 2839 mulierem
586 2794 817 2852 appellavit,
865 2796 965 2846 Quid
983 2795 1097 2843 milei,
1143 2793 1291 2849 inquit,
1324 2802 1365 2834 et
1387 2794 1459 2834 tibi
1474 2795 1639 2834 mule‘er?

93 2877 144 2906 ne
166 2864 253 2920 quis
287 2864 438 2907 beatam
470 2864 662 2921 virginem
689 2862 986 2905 excellentioris
1010 2862 1175 2904 alicuius
1198 2875 1289 2904 esse
1313 2867 1477 2903 naturae
1501 2862 1637 2903 crede-

93 2937 176 2984 ret,
217 2946 343 2989 eoque
374 2932 566 2975 vocabulo
600 2932 710 2988 quasi
735 2930 954 2973 vaticinans
985 2930 1031 2971 ad
1054 2943 1102 2972 ea
1135 2929 1345 2972 schismata
1376 2929 1638 2986 haeresesque

94 3000 319 3043 refutandas
345 3014 439 3043 usus
463 3009 522 3044 est
546 3015 642 3058 quas
664 3001 702 3043 in
726 3000 821 3042 orbe
846 3006 1039 3042 terrarum
1062 2998 1152 3041 olim
1178 2999 1409 3041 excitandas
1440 3013 1637 3054 coguove-
