2020 3276
351 215 356 229 *
430 247 614 284 ΡΑΝΑιιιι
639 247 726 281 Ltn.
739 247 797 280 ιιι.
822 246 933 280 ΤοΜ.
951 248 991 280 ιι.
1016 245 1148 279 men.
1165 246 1356 279 Lxxvni.
1581 237 1664 277 415

118 326 370 388 manuni
396 341 443 370 ac
464 325 626 369 loannis
651 326 856 382 evangelia
880 326 1094 368 declarant.
1156 324 1314 368 Primus
1340 339 1392 367 ex
1414 323 1521 366 omni
1543 323 1664 378 stirpe

117 402 236 440 “too
253 396 309 440 illi
333 394 435 439 lilius
458 402 520 437 est
545 393 732 446 lacobus,
779 402 1043 451 cognomento
1072 395 1200 435 Oblias
1233 394 1352 448 (quod
1381 407 1556 442 murum,
1602 392 1665 433 vel

118 464 320 508 entellum
343 463 594 520 interpretari
617 463 747 517 licet),
791 462 856 518 qui
878 468 918 504 et
940 460 1071 504 lustus
1093 462 1310 517 appellatus
1342 469 1428 513 est,
1471 468 1512 503 et
1531 459 1667 503 Naza-

118 545 240 576 raeos
261 532 355 585 ruit,
398 533 500 588 quod
538 531 767 574 vocabulum
798 528 987 572 Sanctum
1017 530 1227 585 significat.
1291 528 1398 571 ldem
1430 530 1495 571 ille
1520 530 1667 586 primus

120 598 382 658 opiooopnlem
412 600 635 642 cathedram
667 599 793 655 cepit,
839 613 924 640 cnm
956 599 991 639 ei
1024 604 1115 639 ante
1148 604 1304 640 ceteros
1330 612 1467 639 omnes
1493 597 1667 640 suumin

118 667 238 712 torris
271 667 452 711 thronum
476 668 657 710 dominus
687 667 927 722 tradidisset.
992 663 1070 720 Qui
1102 666 1254 721 quidem
1288 669 1431 706 domim·
1445 668 1580 721 stater
1607 674 1668 708 est

120 735 241 794 vulgo
273 736 512 779 nominatus.
575 734 728 791 Quibus
754 735 934 777 omnibus
967 734 1227 790 adstipulatur
1257 733 1455 790 apostolus
1487 735 1546 777 his
1578 748 1666 777 ver-

117 803 205 859 Μο,
244 806 379 848 Alaun
407 812 531 846 autem
560 820 610 845 ex
637 806 818 858 apostolis
847 806 927 844 vidi
952 806 1154 851 nemmem,
1198 806 1277 843 nisi
1303 804 1477 843 Iacobum
1502 805 1662 857 fratrem
1682 811 1751 841 Gal.
1771 814 1797 845 ι,
1812 813 1852 840 w.

116 874 263 916 aa&
286 879 386 929 ete„
429 871 578 915 Verum
607 872 751 914 domini
780 872 844 914 ille
877 873 1002 914 frater
1027 872 1076 914 ob
1100 885 1344 914 communem
1377 872 1665 925 educationem,

117 952 199 984 Ιο-
224 947 389 992 ustura,
432 941 501 984 sed
524 940 649 997 gratia
678 947 855 983 vocatur.
916 938 1019 982 Nam
1047 938 1178 982 Maria
1203 954 1291 982 cum
1314 938 1481 996 losepho
1505 940 1669 982 coniun-

121 1014 186 1052 σὴ
207 1008 284 1052 vin'
307 1023 411 1052 uxor
431 1023 521 1052 esse
543 1009 769 1061 videbatur,
801 1022 888 1050 cum
911 1008 1058 1050 nullum
1075 1008 1180 1050 inter
1202 1008 1310 1064 ipsos
1331 1022 1539 1065 corporum
1562 1023 1668 1050 com—

122 1077 311 1121 mercium
349 1077 578 1120 interesset.
648 1075 715 1119 Ex
748 1091 824 1133 quo
861 1076 926 1118 illa
963 1075 1116 1132 losephi
1149 1077 1314 1118 liliorum
1347 1091 1434 1118 cum
1470 1077 1667 1118 salvatore

126 1145 428 1204 propinquitatis
456 1145 620 1188 affinitas
646 1153 709 1187 est
733 1151 845 1196 nata,
890 1159 990 1201 quae
1026 1146 1239 1187 fraternam
1265 1144 1564 1202 appellationem
1599 1145 1668 1186 ob-

124 1212 294 1267 tineret,
327 1213 389 1256 vel
415 1227 460 1255 ea
486 1214 616 1270 potius
639 1213 930 1256 necessitudine
957 1220 1203 1255 censeretur.
1267 1212 1322 1255 Ut
1347 1214 1448 1255 enim
1476 1211 1666 1270 Iosephus

118 1281 230 1339 ipse,
273 1281 367 1324 licet
392 1281 486 1323 nihil
521 1282 681 1324 baberet
716 1297 804 1324 cum
835 1281 1046 1323 salvatoris
1081 1283 1295 1323 secundum
1331 1296 1488 1324 carnem
1515 1283 1668 1338 origine

119 1363 350 1403 mnne,
382 1357 490 1393 certa
519 1358 648 1392 tamen
671 1350 943 1406 providentiae
969 1350 1120 1392 ratione
1145 1351 1231 1392 loco
1258 1351 1378 1406 patris
1401 1357 1462 1392 est
1486 1351 1665 1403 habitus3

117 1418 442 1476 quenadmodum
479 1417 611 1460 Lucas
653 1418 895 1474 evangelista
931 1419 978 1460 de
1005 1419 1205 1461 salvatore
1242 1419 1326 1474 ipso
1361 1425 1550 1471 testatur,
1595 1422 1671 1472 Qui
1684 1431 1758 1459 Luc.
1772 1433 1799 1466 a,
1813 1433 1855 1461 23.

117 1494 223 1536 me,
267 1486 416 1543 inquit,
446 1489 588 1540 filius,
634 1495 678 1528 ut
696 1489 940 1537 credebatur,
985 1490 1132 1541 Ioseph.
1198 1485 1277 1530 Sed
1302 1493 1343 1529 et
1362 1485 1492 1529 Maria
1513 1488 1598 1544 ipsa
1623 1489 1663 1530 il—

116 1554 196 1599 lum
230 1554 434 1612 alloquens
465 1555 503 1597 in
534 1556 740 1611 evangelio
767 1554 903 1598 Lucae
933 1556 1034 1597 idem
1068 1556 1236 1607 asserit,
1278 1558 1379 1596 Ecce
1407 1571 1477 1609 ego
1499 1564 1539 1597 et
1551 1564 1667 1610 pater
1693 1567 1737 1597 n».
1755 1569 1783 1605 ²,
1801 1570 1844 1598 46.

120 1630 210 1666 uns
235 1625 404 1666 dolentes
432 1625 703 1678 quaerehamus
729 1632 777 1665 te.
843 1622 944 1678 Quis
970 1625 1089 1680 igitur
1113 1622 1320 1680 losephum
1348 1625 1492 1666 domini
1517 1632 1665 1681 patrem

120 1691 264 1735 undeet
283 1691 440 1745 dicere,
484 1707 561 1748 quo
582 1707 669 1735 cum
697 1692 840 1735 nullam
863 1693 1067 1749 principii,
1110 1699 1176 1734 aut
1199 1706 1365 1735 caussae
1386 1693 1578 1735 rationem
1601 1694 1668 1736 ha-

118 1759 260 1814 bebat,
300 1774 388 1804 cnm
410 1761 630 1803 incarnatio
654 1761 738 1818 ipsa
760 1761 847 1803 sine
872 1761 976 1803 virili
1001 1761 1153 1803 semiue
1175 1762 1351 1817 perfecta
1377 1761 1667 1805 administrata-

121 1841 198 1885 quo
224 1828 371 1872 fuerit?
429 1827 510 1872 Sed
525 1861 536 1881 ,
581 1831 682 1886 quod
706 1829 975 1886 providentiae
996 1830 1099 1872 ratio
1122 1830 1364 1886 postulabat,
1388 1844 1444 1871 rea
1468 1831 1586 1873 rebus
1608 1838 1669 1873 est

118 1909 209 1940 son
237 1905 356 1954 aque
385 1897 557 1940 conditio
588 1898 747 1941 tributa.

232 1962 372 2008 Redeo
393 1966 441 2007 ad
468 1963 649 2009 Iacobum
672 1967 800 2019 illum,
834 1980 947 2023 quem
971 1965 1160 2024 Iosephus
1182 1981 1308 2009 annos
1334 1967 1418 2024 plus
1442 1968 1570 2011 minus
1596 1983 1665 2012 na·
1691 1978 1770 2023 Cap.
1785 1980 1874 2013 th.

121 2038 185 2075 tus
202 2029 284 2075 XL
302 2033 452 2088 genuit.
514 2032 612 2077 Post
643 2035 744 2078 hunc
764 2036 863 2078 alius
888 2035 925 2077 ei
949 2035 1050 2078 lilius
1083 2036 1282 2088 nascitur,
1324 2037 1384 2078 cui
1410 2034 1499 2079 lose
1524 2053 1667 2081 nomen

122 2099 210 2142 suit.
271 2100 364 2143 lude
389 2099 564 2158 Symeon
594 2116 640 2145 ac
664 2102 804 2156 ludas,
849 2104 949 2147 filiae
979 2118 1074 2146 vero
1106 2105 1230 2155 duae,
1277 2102 1406 2146 Maria
1426 2113 1467 2147 et
1489 2104 1663 2149 Salome.

123 2166 228 2211 Turn
262 2175 415 2211 mortua
450 2183 576 2212 uxore
606 2172 737 2213 multis
766 2180 854 2229 post
883 2174 996 2214 annis
1025 2173 1166 2215 viduus
1196 2171 1365 2215 Mariam
1399 2174 1534 2225 duxit,
1579 2190 1664 2217 cum

120 2235 428 2293 octogesimum,
471 2245 587 2294 atque
625 2252 672 2280 eo
707 2240 871 2296 amplius
903 2254 1048 2283 annum
1080 2241 1292 2297 attigisset.
1363 2239 1559 2294 Mariam,
1606 2243 1666 2284 in-

117 2318 258 2362 quam,
290 2306 327 2347 id
348 2306 491 2348 aetatis
512 2307 677 2362 accepit,
711 2314 751 2350 ut
771 2309 1017 2364 evangelium
1040 2317 1189 2351 narrat.
1253 2313 1344 2351 Cum
1365 2318 1485 2359 esset,
1520 2310 1661 2366 inquit,
1713 2324 1826 2365 Μιιιιι.

121 2375 346 2428 desponsata
378 2377 520 2416 Maria.
593 2373 686 2417 Non
723 2375 840 2428 dicit,
883 2374 984 2419 Cum
1021 2379 1235 2434 nupsisset.
1311 2377 1415 2420 ldem
1450 2378 1525 2420 alio
1557 2379 1662 2431 loco,
1731 2362 1756 2394 ¹'
1780 2362 1817 2389 ’δ’

120 2443 208 2484 Non
235 2446 413 2496 cognovit
441 2445 560 2484 illam.
625 2441 741 2485 Subit
774 2458 870 2487 vero
900 2445 987 2488 illos
1019 2460 1158 2488 omnes
1183 2447 1392 2499 admirari,
1436 2446 1500 2502 qui
1524 2460 1665 2501 pravas

121 2511 308 2567 quasdam
330 2511 562 2553 occasiones
586 2525 634 2553 ae
654 2512 808 2568 species
830 2520 1032 2569 captantes
1063 2528 1200 2556 eorum
1226 2529 1324 2571 quae
1359 2514 1453 2556 nihil
1477 2515 1580 2557 scire
1607 2523 1666 2557 at-

121 2578 221 2624 tinet
243 2593 404 2622 caussas
439 2579 701 2635 investigant,
747 2595 793 2622 ac
818 2594 916 2636 quae
942 2582 1099 2625 minime
1126 2583 1403 2638 perscrutanda
1425 2590 1517 2624 sunt
1539 2583 1666 2639 inqui-

68 2647 70 2649 ’
121 2654 237 2701 runt,
281 2654 320 2690 et
340 2662 362 2689 a
382 2648 619 2690 necessariis
644 2649 763 2691 rebus
789 2650 833 2690 ad
857 2649 996 2692 stultas
1020 2651 1271 2706 quaestiones
1295 2664 1385 2693 sese
1411 2659 1662 2705 convertunt,

123 2721 167 2758 nt
185 2728 240 2758 ex
260 2729 306 2759 ea
329 2731 428 2773 quae
452 2716 598 2759 sanctis
622 2717 833 2774 imponitur
854 2716 1066 2773 ignominia
1089 2718 1328 2760 infidelitatis
1354 2732 1405 2760 ex
1428 2719 1533 2761 omui
1557 2727 1664 2776 parte

122 2795 170 2828 ιο
194 2782 459 2841 blasphemiae
483 2786 693 2842 perniciem
725 2794 840 2841 atque
870 2785 1035 2828 exitium
1069 2786 1294 2843 importent.
1357 2786 1556 2842 Quocirca
1588 2788 1666 2845 pri-

121 2865 225 2895 mum
261 2853 349 2895 illos
379 2855 435 2895 rei
470 2853 596 2896 series
637 2861 750 2909 atque
791 2855 887 2895 ordo
925 2855 1009 2910 ipse
1047 2855 1260 2896 convincit.
1334 2854 1448 2910 Quod
1489 2857 1665 2914 inprimis

122 2941 158 2976 id
191 2943 411 2977 admiratione
450 2944 585 2989 dignum
621 2953 673 2978 est
705 2944 874 2990 quomodo
920 2951 998 2979 runt
1018 2956 1101 2990 quae
1118 2945 1310 2991 inquirenda
1333 2957 1400 2979 non
1421 2953 1498 2981 sunt
1515 2951 1582 2981 cett.
1606 2948 1665 2981 Pe-

124 2999 246 3033 pruvae
270 2995 445 3034 captantur
468 2991 678 3031 occasiones,
713 2990 869 3036 quodque
915 2991 1021 3023 navius
1041 2990 1142 3024 suasit
1164 2988 1213 3031 οἷς
1230 2990 1265 3027 αἱ
1287 3002 1383 3036 προφ.
1410 2995 1442 3027 2.
1463 2993 1496 3028 οἱ
1516 2994 1665 3038 πονηροὶ,

125 3044 240 3068 eorum
256 3046 385 3068 cauam
401 3042 588 3069 scrutantur
605 3035 766 3075 homines,
791 3047 874 3081 quo-
921 3036 979 3071 καὶ
1004 3038 1073 3071 κτλ.

125 3090 197 3114 rum
227 3080 334 3114 nullus
362 3087 412 3113 est
444 3092 541 3121 usus,
576 3089 609 3114 et
639 3082 672 3114 in
698 3095 736 3115 cu
761 3082 870 3127 inqui-
