2020 3276
767 710 951 752 sANcn

518 814 1204 873 EPIPHANII

410 933 1310 1003 anacEPnALAnosls

244 1065 346 1100 BWB
369 1065 530 1100 1308th
553 1066 676 1108 QUAE
701 1066 749 1100 IN
775 1066 974 1100 PANAmo
997 1066 1132 1101 DICTA
1156 1066 1280 1100 SUNT
1303 1065 1466 1100 SUMMA

677 1123 1035 1157 COMPREHENSIO.

200 1210 398 1269 Quoniam
432 1215 651 1258 haereseon
685 1215 856 1257 omnium
890 1215 1047 1258 nomina
1075 1215 1310 1258 declaranda
1343 1215 1457 1257 vobis
1485 1214 1560 1256 hoc
1593 1215 1633 1257 in

85 1281 188 1325 tibi-o
209 1284 480 1340 suscepimus,
524 1298 598 1326 nec
625 1298 702 1326 non
726 1285 952 1326 execranda
982 1299 1030 1326 ac
1053 1284 1204 1326 nefaria
1228 1285 1380 1327 illarum
1405 1283 1551 1341 flagitia
1576 1284 1634 1326 sic

84 1357 269 1408 tanquan
292 1352 613 1410 praesentissima
638 1353 827 1408 quaedam
851 1367 1004 1395 venena
1030 1354 1253 1410 patefacere
1277 1354 1483 1404 volumus,
1516 1359 1633 1408 atque

85 1419 147 1463 his
185 1419 296 1463 velut
335 1420 509 1463 antidota
545 1421 734 1477 quaedam
783 1436 1006 1478 opponere,
1062 1436 1161 1478 quae
1201 1422 1265 1465 vel
1306 1421 1354 1464 iis
1393 1423 1456 1478 qui
1499 1437 1635 1465 morsu

84 1488 194 1547 petiti
213 1495 308 1532 sunt
334 1490 509 1532 remedio
537 1504 626 1532 esse
658 1490 832 1546 possint,
875 1491 939 1533 vel
965 1505 1035 1533 eos
1056 1491 1197 1547 quibus
1219 1504 1268 1533 ne
1288 1491 1460 1533 incidant
1480 1491 1634 1548 pericu-

82 1557 164 1600 Ιιιι
185 1564 250 1600 eat
281 1558 554 1616 praemuniant
573 1573 619 1601 ac
642 1566 907 1611 conservent,
951 1558 1187 1612 Panarium,
1230 1560 1315 1602 sive
1338 1559 1526 1602 Arculam
1553 1573 1635 1602 me-

83 1625 234 1680 aban,
274 1627 323 1670 ad
350 1640 487 1669 eorum
517 1627 582 1684 qni
611 1641 634 1668 a
665 1628 913 1684 serpentibus
947 1628 1014 1670 icti
1046 1637 1138 1671 sunt
1169 1628 1382 1671 remedium
1417 1629 1503 1671 iure
1537 1642 1635 1685 opus

82 1693 177 1739 itt-d
194 1709 244 1738 ao
266 1695 406 1738 librum
437 1696 806 1752 interpretabimur,
851 1697 915 1752 qui
939 1697 977 1739 in
1003 1704 1084 1740 tres
1108 1705 1241 1754 partes
1268 1698 1419 1741 divisus
1446 1698 1635 1740 haereses

85 1763 286 1820 oet-ginta
319 1764 615 1822 complectitur,
658 1779 759 1821 quae
788 1772 1014 1822 serpentum
1049 1780 1095 1808 ac
1131 1766 1324 1823 reptilium
1353 1766 1501 1809 similes
1526 1773 1633 1809 sunt.

87 1828 312 1876 Secund-n
334 1846 432 1889 quas
454 1833 634 1875 veritatis
653 1833 960 1887 firmamentum,
994 1842 1034 1876 et
1054 1835 1240 1877 salutaris
1265 1836 1444 1878 doctrina
1469 1835 1636 1892 fideique

87 1899 255 1944 sor-ub
273 1900 451 1944 subiecta
474 1908 551 1954 est,
583 1916 630 1944 ac
651 1900 802 1944 Christi
824 1917 984 1959 sponsa,
1016 1911 1153 1946 sancta
1173 1904 1357 1946 videlicet
1377 1904 1543 1946 ecclesia
1568 1904 1636 1946 de-

86 1967 248 2011 clarata.
309 1966 425 2024 Quae
455 1983 542 2012 cum
570 1969 648 2012 iam
672 1978 753 2013 tum
779 1971 827 2014 ab
851 1971 948 2014 orbe
970 1973 1128 2014 condito
1153 1986 1244 2015 esse
1266 1973 1464 2030 coeperit,
1498 1979 1634 2030 postea

85 2043 217 2079 tamen
236 2049 308 2093 pet·
326 2034 476 2080 Christi
503 2038 648 2081 domini
681 2040 992 2083 incarnationem
1017 2048 1233 2098 temporum
1260 2042 1514 2084 successione
1544 2049 1635 2084 ante

84 2112 410 2148 commemoratas
441 2119 580 2150 omnes
615 2106 803 2151 haereses
837 2109 992 2165 vulgata
1018 2117 1134 2167 atque
1158 2112 1378 2167 patefacta,
1420 2111 1634 2166 eademque

83 2187 110 2217 a
129 2172 244 2216 nobis
265 2173 305 2216 in
329 2175 633 2217 commentarios
657 2189 711 2218 ex
732 2174 883 2219 Christi
910 2178 1200 2234 praedicatione
1226 2180 1373 2232 relata,
1406 2193 1452 2221 ac
1477 2193 1631 2221 rursum

84 2249 171 2301 post
188 2242 424 2299 expticatam
447 2257 600 2286 omnem
622 2244 783 2287 istarum
807 2245 1026 2289 haereseon
1049 2247 1333 2304 improbitatem
1358 2262 1412 2290 ex
1434 2247 1633 2304 apostolo-

83 2324 171 2354 rum
201 2309 404 2368 disciplina
431 2318 614 2354 accurate
646 2326 693 2354 ac
726 2314 928 2371 perspicue
965 2315 1075 2358 brevi
1109 2317 1274 2372 quodam
1311 2325 1371 2358 est
1402 2314 1633 2372 compendio

82 2378 282 2432 subiecta,
326 2379 382 2422 nti
409 2393 456 2421 ea
478 2393 522 2421 re
545 2379 699 2422 iliorum
725 2390 958 2426 recreentur
982 2398 1028 2425 ac
1053 2385 1281 2427 reficiantur
1304 2385 1421 2427 animi
1446 2385 1509 2440 qui
1532 2384 1634 2426 hunc

84 2447 303 2491 haereseon
339 2448 692 2505 percurrendamm
726 2449 900 2493 laborem
936 2453 1207 2509 susceperint,
1251 2468 1368 2510 porro
1399 2467 1472 2495 vos
1496 2466 1633 2495 omnes

83 2515 335 2560 hue-tarum
356 2530 488 2559 rerum
506 2517 675 2559 studiosi
697 2517 867 2561 tectores
887 2527 1046 2576 rogatos
1067 2522 1247 2564 volumus
1269 2530 1310 2564 ut
1331 2530 1369 2563 et
1392 2522 1632 2578 prooemium

81 2584 208 2643 ipsun
229 2592 271 2628 et
288 2585 578 2641 insequentium
600 2585 817 2629 haereseon
838 2589 1124 2645 expositionem
1150 2604 1196 2633 ac
1216 2590 1395 2632 veritatis
1419 2589 1633 2647 professio-

7 2656 13 2667 *
82 2665 174 2697 nam
208 2660 251 2696 et
269 2654 511 2707 doctrinam,
556 2667 602 2696 ac
628 2661 791 2697 sanetae
813 2662 854 2697 et
879 2656 1093 2701 catholicae
1114 2658 1308 2701 ecclesiae
1338 2659 1450 2701 fidem
1474 2672 1496 2700 a
1521 2658 1634 2700 nobis

3 2778 11 2783 -
82 2734 315 2780 expressam
346 2736 581 2780 percurrere
610 2722 756 2765 velitis.

195 2788 311 2846 Quae
335 2792 489 2848 quidem
512 2791 642 2834 omnia
665 2791 738 2833 hoo
764 2792 802 2834 in
829 2806 948 2849 opere
971 2795 1254 2851 comprehensa
1277 2794 1400 2838 tribus
1424 2794 1534 2838 tibris
1559 2809 1631 2839 ex-

127 2905 162 2940 4.
186 2899 284 2949 ὐμῶν
306 2907 379 2940 edu.
404 2907 513 2941 Petov.
883 2909 950 2941 νέω
976 2910 1066 2941 vertit
1095 2918 1248 2952 rogamus
1281 2915 1316 2941 ut
1347 2920 1462 2943 omnes
1485 2909 1634 2944 studiose

127 2950 162 2984 ὁ.
185 2951 274 2984 Lim
295 2953 390 2994 vulno
417 2948 699 2996 ἅπαγγιλθεῖσαν.
882 2953 1020 2986 veneti·
1045 2960 1079 2986 et
1105 2953 1346 2997 praefationem
1369 2962 1405 2988 et
1427 2959 1494 2989 cett.

125 2993 159 3031 6.
197 2997 403 3031 Scribe-dun
438 2999 569 3039 [mom
598 3008 668 3031 cum
703 3000 832 3032 petavio
922 2998 955 3034 7.
977 2996 1178 3043 φιλοκάλως
1208 3001 1256 3034 cd.
1282 3003 1384 3042 mac.
1439 3000 1632 3047 φιλοκάλοις

0 3038 3 3066 ἒ
82 3041 343 3085 manantem.
379 3044 427 3084 Cf.
443 3045 542 3085 Epist.
557 3045 601 3076 ad
617 3046 722 3083 Acce..
745 3047 834 3077 cuius
880 3046 928 3078 ed.
953 3047 1058 3079 Petov.

81 3095 154 3121 aare
174 3089 297 3130 omni
318 3088 378 3124 lod
405 3089 474 3122 aua
500 3091 584 3122 mtto
611 3093 665 3122 ut.
715 3091 834 3123 Como-
924 3092 956 3125 8.
981 3092 1124 3125 Fortem
1146 3087 1221 3129 τάδ’
1242 3090 1278 3128 ἐν
1300 3094 1358 3139 τῇ.
