2020 3276
308 188 390 233 758

353 277 463 312 rident
495 275 677 310 monachos
707 274 789 308 ibid.
812 292 855 301 -·
909 284 1057 318 evange-

354 335 433 368 lium
455 332 516 366 sub
534 332 670 367 nomine
692 331 836 377 Philippi
859 330 1060 376 profitentur

354 390 433 424 ibid.
467 384 535 415 -‘
565 381 681 434 φη...
698 388 837 422 ridicula
870 387 984 434 dicant
1016 386 1060 420 «ιο

356 447 427 480 Elia
447 446 610 491 propheta
629 445 708 478 ibid.
736 464 779 471 —-
825 444 986 478 refutatio
1003 455 1059 478 er—

354 515 467 539 rorum
492 503 728 537 Gnosticorum
753 505 807 535 97.
834 521 875 527 —
922 501 1059 535 castita-

354 562 399 595 tis
422 567 538 595 contra
561 571 620 594 eos
642 559 795 593 defensio
809 558 891 592 ibid.
904 565 940 592 et
949 560 1060 592 88.-

356 617 560 664 Epiphanius
583 628 603 650 a
623 616 791 651 Gnosticis
813 622 962 649 tentatus
985 618 1039 649 88.

313 674 464 709 Gnostici
508 685 699 708 communes
740 673 866 707 habent
907 672 1061 706 mulieres

357 735 413 766 85.
436 749 483 759 -
518 742 633 765 eorum
657 729 864 764 consuetudo
886 729 920 763 iu
942 729 1061 774 hospi—

355 789 445 823 tibus
468 787 670 834 excipiendis
690 790 746 822 86.
770 806 810 813 —
858 786 952 820 foedi
975 797 1061 820 con·

358 845 488 880 cubitus
512 851 548 878 et
576 843 790 878 abominandi
821 843 903 878 ibid.
927 863 971 870 —
1017 842 1062 876 li-

357 903 456 938 beros
479 914 547 937 non
580 901 706 936 tollunt
721 927 730 941 ,
761 900 822 934 sed
851 899 913 934 soli
934 899 1063 933 libidini

357 960 506 994 serviunt
529 962 583 993 8‘1.
613 978 653 985 -
712 957 916 992 execrandae
947 956 1063 1002 epulae

355 1016 438 1051 ibid.
458 1035 490 1043 -·
517 1015 639 1050 ieiunia
653 1021 850 1049 execrantur
867 1014 947 1048 ibid.
963 1033 1006 1040 -
1029 1015 1064 1048 in

359 1079 436 1109 cute
459 1073 604 1108 curanda
634 1073 722 1107 ultra
743 1071 880 1106 modam
911 1071 1065 1116 occupati

358 1130 440 1164 ibid.
465 1149 508 1157 —
541 1137 683 1175 utroque
706 1137 843 1163 utuntur
865 1135 1065 1163 testamento

358 1187 440 1222 ibid.
466 1206 507 1214 -
565 1186 646 1232 quid
690 1186 835 1220 sentiant
877 1186 992 1230 inepte
1023 1185 1067 1219 de

360 1245 487 1279 Ioanne
510 1243 660 1291 Baptista
683 1246 737 1276 88.

316 1301 471 1336 Gnostici
504 1313 525 1335 a
557 1301 674 1345 seipsis
709 1300 909 1334 dissentiunt
922 1325 931 1341 ,
977 1299 1067 1345 quod

360 1359 571 1393 demonstrat
594 1361 748 1391 irenaeus
773 1360 851 1391 204.

317 1415 468 1450 Gnostici
490 1427 511 1449 a
533 1415 729 1449 Simoniacis
759 1414 922 1459 originem
952 1420 1068 1448 traxe-

360 1479 438 1507 runt
462 1475 516 1506 58.

318 1530 473 1565 Gnostici
494 1529 562 1564 dici
585 1528 697 1574 potius
719 1528 844 1563 debent
875 1529 1071 1575 Catagnosti

361 1588 385 1621 i.
408 1599 439 1621 e.
464 1587 614 1620 damnati
638 1589 714 1620 102.

319 1643 592 1679 Gorothenornm
615 1643 773 1688 haeresis,
797 1655 881 1689 quae
901 1650 952 1678 est
971 1644 1071 1678 tertia

363 1701 643 1735 Samaritanorum
668 1703 722 1733 80.

320 1758 457 1793 Gratiae
479 1758 550 1792 sive
572 1757 659 1791 dona
684 1757 789 1802 gratis
807 1757 886 1792 data
906 1758 941 1792 in
964 1758 1069 1792 eecle-

364 1816 413 1850 sia
434 1827 503 1851 non
526 1815 647 1849 desunt
673 1818 752 1849 408.

675 1951 716 1984 Η.

318 2042 475 2077 Haeresis
506 2053 595 2076 nova
628 2050 746 2076 contra
777 2041 910 2075 beatam
932 2041 1071 2076 Mariam

365 2101 467 2133 1087.
506 2117 546 2125 —
609 2098 748 2132 Mariam
793 2098 955 2144 virginem
1000 2111 1072 2134 esse

366 2159 467 2190 1038.
491 2175 537 2182 ·—
569 2166 629 2189 cur
650 2155 749 2189 beata
770 2154 865 2200 virgo
887 2155 1010 2189 tradita
1029 2156 1073 2189 sit

366 2212 514 2258 losepbo
539 2215 640 2246 1088.

321 2269 476 2304 Haeresis
499 2269 588 2303 virus
622 2281 696 2304 eum
728 2277 920 2315 serpentum
943 2281 1072 2305 veneno

367 2327 574 2372 comparatio
597 2331 629 2360 4.

321 2385 484 2419 Haereses
533 2391 652 2429 portae
694 2383 851 2417 dicuntur
891 2384 1073 2418 inferorum

368 2443 445 2475 908.

321 2498 485 2532 Haereses
508 2510 528 2531 e
551 2497 727 2543 gentilium
762 2498 882 2532 fabulis
905 2504 1000 2533 ortae
1020 2502 1074 2533 98.

322 2555 486 2589 Haereses
510 2555 599 2589 unde
621 2562 740 2596 natae,
770 2561 806 2589 et
828 2555 939 2601 plures
962 2567 1074 2590 earum

368 2623 502 2646 caussae
524 2614 602 2646 805.

323 2670 515 2703 Haereseon
538 2669 685 2703 omnium
718 2669 911 2711 conclusio,
944 2676 978 2704 et
1001 2671 1074 2705 ele—

368 2738 450 2770 gans
475 2727 682 2771 comparatio
705 2733 837 2771 sumpta
871 2739 913 2760 ex
938 2727 1076 2761 Cantico

370 2785 470 2815 10⁷6.

325 2838 516 2873 Haereseon
553 2840 699 2874 omnium
733 2840 775 2874 ab
815 2840 897 2874 orbe
939 2841 1074 2875 condito

370 2894 540 2939 indagatio
563 2897 747 2930 subiectum
771 2897 881 2942 operis
900 2897 1075 2943 Epiphanii

371 2953 404 2984 2.

325 3008 517 3041 naereseon
549 3009 708 3044 tredecim
743 3011 853 3044 brevis
876 3011 975 3044 index
1000 3023 1074 3045 cum

370 3063 438 3099 suis
469 3065 658 3100 auctoribus
690 3079 729 3100 ac
761 3067 897 3116 ineptiis
926 3078 1074 3101 summa-

910 191 1056 228 mnnx
1079 191 1252 228 RERUM.

1149 273 1209 307 tim
1233 273 1458 319 expositarum
1477 275 1531 308 58.
1555 275 1611 308 58.
1634 274 1688 309 M.
1710 284 1774 319 per
1792 278 1853 309 to-

1150 337 1232 364 tum.

1107 387 1358 422 naereticorum
1382 388 1535 422 confusio
1557 386 1726 433 aptis-tn
1759 386 1855 422 simi-

1151 444 1292 478 litudine
1315 444 1513 478 describitur
1535 446 1614 479 ⁸02.
1637 462 1682 472 --
1712 451 1748 479 st
1766 454 1854 490 quo-

1152 501 1253 536 modo
1279 513 1298 535 a
1321 502 1374 535 via
1404 508 1496 536 recta
1525 501 1591 547 ipsi
1618 501 1800 536 deflecta-t
1821 506 1859 535 st

1152 558 1309 592 aberrent
1340 558 1404 592 alia
1430 558 1680 604 comparatione
1701 558 1856 595 monadi-

1153 622 1207 650 tur
1236 617 1314 650 503.

1110 673 1359 707 Haereticorum
1404 673 1566 707 calumnia
1609 672 1777 719 detegitur
1823 679 1858 708 et

1152 730 1319 764 stoliditas
1341 741 1414 763 cum
1433 730 1668 764 abstinentiam
1689 737 1727 764 et
1748 737 1859 764 castos

1153 787 1313 821 ecclesiae
1332 798 1441 821 mores
1471 786 1587 832 inepte
1609 786 1860 833 reprehendunt

1156 847 1232 878 50⁷.

1110 902 1363 936 Haereticorum
1387 907 1505 935 contra
1536 901 1688 946 spiritum
1709 908 1860 937 metum

1156 958 1381 1004 blasphemiae
1405 961 1504 994 1087.

1113 1015 1279 1050 Haeretici
1301 1014 1426 1049 similes
1448 1016 1678 1061 buprestarum
1700 1017 1759 1063 qni
1782 1024 1860 1051 sant

1156 1085 1175 1107 e
1197 1073 1450 1107 scarabaeorum
1473 1083 1595 1118 genere
1616 1075 1693 1108 888.

1112 1129 1364 1164 Haereticorum
1399 1130 1490 1164 fraus
1528 1137 1607 1176 apta
1646 1130 1863 1166 similitudine

1158 1187 1344 1221 declaratur
1368 1190 1445 1221 193.

1113 1243 1282 1278 Haeretici
1316 1244 1405 1278 varia
1438 1245 1573 1279 nomina
1594 1245 1779 1280 sortiuntur
1798 1254 1864 1291 pro

1150 1308 1323 1347 *sectarum
1347 1301 1526 1342 varietate,
1550 1301 1612 1336 sed
1639 1313 1707 1336 uno
1730 1302 1865 1336 nomine

1158 1370 1178 1393 a
1197 1357 1330 1392 Christo
1353 1358 1513 1393 videlieet
1535 1358 1714 1393 Christiani
1736 1368 1864 1394 metu-

1159 1422 1214 1449 tur
1234 1418 1312 1449 36⁷.

1116 1473 1284 1507 Haeretici
1306 1473 1479 1507 devitandi
1502 1479 1539 1507 ut
1561 1484 1604 1507 no
1626 1473 1762 1508 salutari
1785 1473 1863 1518 qni-

1159 1530 1237 1564 dem
1261 1529 1405 1564 debeant
1427 1533 1502 1564 248.

1117 1587 1369 1621 naereticorum
1391 1588 1502 1622 variae
1523 1586 1747 1632 blasphemiae
1766 1590 1864 1622 1085.

1119 1643 1288 1678 Haeretici
1300 1644 1451 1689 plerique
1462 1643 1759 1690 metempsychosis
1770 1651 1866 1678 erant

1163 1708 1348 1735 assectores
1371 1703 1447 1735 880.

1119 1758 1370 1792 Haeretieomm
1392 1758 1538 1803 pravitas
1557 1769 1577 1792 a
1595 1758 1867 1804 religionefflui-

1161 1815 1270 1849 stiana
1289 1815 1440 1849 nationes
1457 1815 1606 1849 deterret
1625 1821 1661 1849 et
1681 1815 1777 1860 &gat
1788 1816 1865 1849 104.

1119 1871 1287 1906 Haeretici
1310 1882 1371 1916 pro
1390 1878 1486 1917 patre
1510 1879 1545 1905 et
1580 1871 1649 1906 filio
1670 1873 1867 1918 ingenitum.

1164 1935 1200 1962 et
1223 1928 1373 1973 genitum
1396 1929 1599 1974 usurpabant
1621 1931 1700 1963 881.

1118 1985 1285 2019 Haeretici
1316 1986 1449 2031 quidam
1480 1993 1688 2021 mortuorum
1717 1996 1868 2021 resurre-

1163 2043 1308 2077 ctionem
1329 2049 1454 2088 negant
1475 2047 1552 2078 114.

1118 2099 1287 2133 Haeretici
1306 2100 1362 2145 qui
1382 2112 1444 2145 pro
1459 2101 1598 2135 mortuis
1610 2101 1782 2147 baptizant
1791 2104 1866 2136 114.

1119 2156 1310 2190 Hebdomas
1332 2163 1448 2191 sancta
1469 2169 1533 2203 qua
1554 2158 1783 2193 celebrabatur
1790 2158 1868 2193 Xe·-

1162 2214 1324 2259 rophagia
1348 2217 1426 2248 884.

1118 2270 1347 2305 Hebraeorum
1369 2271 1508 2306 traditio
1533 2274 1631 2306 1085.

1121 2327 1485 2372 Hemerobaptistarum
1505 2328 1672 2375 haeresis,
1704 2340 1790 2376 qaae
1818 2337 1869 2364 est

1164 2392 1281 2431 quarta
1294 2385 1485 2419 ludaeorum
1495 2389 1549 2421 86,
1563 2389 1617 2420 37.
1628 2406 1667 2412 -
1688 2386 1776 2420 unde
1787 2386 1869 2421 dicti

1163 2442 1244 2475 ibid.
1272 2462 1308 2468 -
1357 2442 1485 2476 vanitas
1515 2442 1649 2476 illorum
1679 2442 1715 2476 in
1743 2455 1869 2489 purp-

1163 2499 1257 2533 tioue
1279 2506 1491 2545 peccatorum
1514 2511 1575 2545 per
1595 2511 1712 2545 aquam
1729 2499 1810 2534 ibid.
1825 2519 1866 2526 —

1165 2568 1233 2590 non
1277 2563 1327 2590 est
1360 2567 1466 2602 aquae
1509 2567 1651 2602 purgare
1682 2563 1718 2591 et
1756 2555 1870 2591 dne

1165 2619 1325 2659 peccata,
1349 2612 1409 2646 sed
1433 2613 1658 2658 poenitentiae
1677 2610 1759 2648 ibid.

1121 2670 1337 2704 Heracleonis
1359 2670 1516 2714 dogmata
1539 2673 1615 2704 868.
1636 2689 1675 2696 -
1698 2668 1868 2715 qumodo

1166 2726 1424 2761 Heracleonitae
1447 2734 1596 2761 mortuos
1613 2731 1809 2772 aspergant,
1833 2731 1870 2760 et

1166 2784 1272 2829 qualis
1294 2790 1346 2817 est
1368 2783 1554 2828 λύτρωσις,
1577 2784 1650 2818 sive
1670 2781 1868 2827 redemptio,

1167 2841 1475 2874 lleracleonitarum
1499 2842 1577 2873 863.
1601 2857 1643 2866 -
1675 2849 1790 2872 eorum
1810 2851 1867 2872 re-

1166 2897 1288 2930 futatio
1310 2900 1387 2930 2⁶4.

1123 2954 1429 2988 Heracleonitarum
1446 2953 1590 2987 haeresis
1609 2951 1650 2985 ab
1659 2951 1870 2987 Heracleone

1167 3015 1242 3044 262.
1271 3031 1313 3037 —
1355 3011 1439 3044 haec
1457 3016 1509 3043 est
1526 3008 1655 3042 decima
1674 3015 1767 3042 sexta
1790 3014 1870 3054 post

1167 3067 1449 3105 Christianismum
1473 3065 1553 3102 ibid.
