2020 3276
328 234 513 269 ramnn
534 233 620 267 ιω.
633 233 695 267 111.
727 232 838 267 Tou.
863 233 905 266 n.
941 231 1094 266 expos.
1120 230 1207 264 mn.
1233 229 1427 264 camon.
1573 218 1656 261 495

112 315 235 362 ’ἧσαι
253 314 466 359 enacim
495 313 752 363 ostendatur,
798 311 899 367 quod
923 318 1104 366 tanquam
1129 310 1249 352 vitale
1275 323 1414 352 munus
1438 308 1658 351 infidelibus

110 382 226 431 atad
248 381 449 426 nationum
473 381 644 424 omnium
669 379 972 423 conversionem
995 386 1111 434 atque
1136 379 1183 420 ad
1207 377 1448 432 agnitionem
1480 376 1658 419 veritatis

108 457 176 501 ent
201 449 390 498 oblatum.
454 447 578 505 Igitur
601 446 818 492 Chetturae
850 447 986 490 liberis
1018 447 1158 489 collata
1188 446 1254 488 illa
1280 459 1442 487 munera
1470 444 1660 501 pecuniae

108 525 249 571 eraut,
289 532 427 562 aurum
451 517 655 569 videlicet,
698 523 903 572 argentum
923 523 963 557 et
988 515 1136 566 vestis,
1181 522 1221 556 ει
1243 528 1342 569 quae
1365 528 1443 556 non
1465 514 1553 556 sine
1574 527 1661 570 my·

109 586 237 636 stuic
261 586 481 631 Abraamus
501 585 542 627 in
566 584 722 628 illorum
752 585 860 641 peris
881 583 1065 634 inclusit,
1109 582 1220 634 thus,
1255 582 1411 637 myrrha
1435 589 1476 624 et
1496 596 1658 633 anrum3

112 667 213 712 ipae
238 654 288 703 ab
322 653 585 698 Sodomorum
618 660 660 695 et
684 652 932 696 Gomorrhae
964 651 1124 706 regibus
1152 650 1327 706 accepit,
1371 665 1449 706 qno
1484 659 1659 707 tempore

113 721 448 779 Chodollogomor
463 730 504 764 ει
524 720 666 774 Barsa,
698 720 898 777 ceterique
917 733 1034 776 reges
1054 717 1281 762 Sodomitas
1301 725 1342 760 et
1363 718 1661 762 Gomorrhaeos

112 792 293 850 captivos
313 790 566 835 abduxerunt
586 804 634 832 ac
659 790 833 846 praedati
856 796 964 840 sunt,
998 795 1076 830 tam
1105 801 1228 843 equos
1253 801 1368 842 quam
1395 787 1590 838 homines,
1621 795 1663 828 et

111 859 421 915 minutiusque
453 860 628 901 fortunas
659 858 919 914 diripuerunt.
983 853 1097 910 Quae
1132 870 1219 897 cum
1257 855 1481 897 Abraamus
1511 869 1564 898 ex
1595 855 1663 898 illa

113 941 253 984 mum
286 927 591 984 depraedatione
629 932 925 982 recuperasset,
975 938 1048 967 nec
1080 938 1180 980 quae
1213 925 1289 965 iam
1324 924 1399 966 deo
1429 931 1662 967 consecrata

112 996 454 1043 mnu-aderet
473 1002 680 1046 avertere,
711 994 816 1036 inter
845 994 920 1036 alia
947 993 1048 1036 dona
1073 992 1208 1035 liberis
1238 992 1344 1043 suis,
1376 1006 1476 1047 quos
1496 1006 1519 1034 e
1540 990 1662 1034 Chet-

112 1073 205 1113 ια’.
225 1071 477 1122 sumpsi-at,
509 1063 612 1107 ultro
638 1063 859 1115 concessit,
890 1068 934 1104 nt
954 1062 992 1103 in
1012 1059 1286 1103 Hebraeorum
1309 1060 1583 1103 traditionibus
1608 1061 1663 1103 le-

112 1147 260 1193 μιν.

229 1268 494 1326 Posteaquam
527 1283 623 1311 vero
646 1266 829 1311 Christus
863 1269 902 1310 in
936 1268 1038 1311 hunc
1072 1268 1256 1311 mundum
1287 1267 1421 1321 venit,
1463 1266 1578 1310 iidem
1610 1268 1666 1311 illi
1685 1274 1869 1319 Cap.v111.

117 1338 308 1382 Abraami
340 1345 379 1379 et
408 1335 625 1380 Chetturae
657 1337 749 1390 filii,
794 1338 858 1393 qui
882 1351 904 1379 a
925 1345 1034 1393 patre
1068 1337 1205 1379 reiecti
1235 1336 1275 1378 in
1308 1335 1518 1393 Magodia‚
1565 1351 1665 1393 quae

119 1406 293 1450 Arabiae
315 1406 426 1462 regio
450 1413 535 1457 est,
573 1405 859 1457 habitaverant,
893 1406 966 1447 hoc
987 1412 1050 1447 est
1070 1403 1178 1460 Magi
1202 1419 1256 1447 ex
1277 1405 1380 1447 illius
1400 1407 1560 1460 generis
1577 1420 1667 1447 snc-

115 1474 302 1519 eesaione
322 1475 543 1532 propagati,
575 1475 710 1516 eadem
735 1474 800 1516 illa
823 1474 924 1516 dona
943 1474 1119 1516 eiusdem
1141 1474 1189 1515 ad
1211 1474 1523 1516 communionem
1545 1475 1667 1530 signi·
1686 1479 1797 1508 Mmh-
1814 1480 1838 1507 ¹-

116 1543 308 1587 &udan
333 1540 495 1586 Christo
515 1541 734 1585 Bethleemi
759 1542 1007 1594 obtulerunt,
1048 1556 1135 1584 cum
1159 1542 1207 1583 ad
1227 1551 1427 1598 aspectum
1451 1542 1594 1584 sideris
1618 1557 1668 1585 eo

120 1611 284 1669 profecti
308 1611 490 1654 tuissent.
552 1608 782 1653 Cuiusmodi
805 1612 905 1652 dona
924 1611 1069 1653 diserte
1090 1610 1278 1667 propheta
1300 1610 1475 1652 declarat
1497 1611 1557 1652 his
1578 1625 1668 1653 ver-

115 1680 200 1734 bis,
231 1682 414 1733 Quontbn
432 1687 630 1734 antequam
651 1682 750 1720 seint
763 1694 863 1733 puer
882 1682 1075 1733 appellare
1091 1687 1239 1733 patrem
1259 1687 1329 1720 aut
1345 1687 1515 1728 matrem,
1547 1683 1671 1734 capiet
1687 1684 1769 1714 8⁸⁸1·
1788 1686 1818 1722 8,
1830 1687 1856 1715 ⁴-

114 1751 323 1804 peaett'fln
342 1751 525 1790 Damasci
538 1756 576 1789 et
592 1750 714 1802 spolia
733 1751 945 1797 Samariae,
978 1763 1105 1789 eoram
1125 1763 1217 1801 rege
1237 1751 1501 1800 Assynbrum.
1565 1746 1667 1790 Nam

121 1816 219 1860 haee
241 1816 372 1860 omnia
396 1816 584 1859 Abraami
620 1815 860 1873 temporibus
888 1831 911 1858 e
934 1816 1132 1860 Damasco
1165 1824 1204 1859 et
1230 1815 1411 1860 Samaria
1434 1830 1456 1858 a
1480 1830 1670 1872 superve-

121 1883 318 1929 nientibus
342 1884 419 1933 illis
438 1885 598 1940 regibus
622 1893 750 1942 capta,
784 1893 826 1926 ut
848 1894 939 1927 ante
960 1884 1058 1937 dixi,
1093 1886 1265 1928 fuerant.
1326 1883 1443 1940 Quod
1467 1893 1530 1927 est
1552 1884 1671 1940 igitur

123 1960 276 2011 tempus
304 1953 424 2005 illud,
466 1967 543 2009 qno
572 1960 779 2010 antequam
808 1962 980 2009 patrem,
1021 1962 1091 1996 aut
1119 1961 1282 1996 matrem
1308 1953 1506 2010 appellare
1529 1954 1667 2005 sciret,

122 2022 226 2065 dona
246 2020 312 2064 illa
329 2021 454 2078 cepit,
487 2021 563 2063 nisi
586 2036 675 2064 cum
696 2022 745 2064 ad
767 2022 893 2079 ipsum
913 2023 1149 2065 accedentes
1173 2021 1284 2078 Magi
1307 2036 1423 2079 peras
1445 2036 1540 2065 suas
1554 2054 1566 2073 ,
1605 2022 1669 2063 vel

123 2090 359 2142 thesauros,
393 2096 436 2131 ut
454 2090 641 2145 quaedam
665 2090 909 2147 exemplaria
933 2105 1025 2147 prae
1047 2105 1092 2134 se
1115 2092 1271 2143 l'erunt,
1304 2098 1566 2147 aperuerunt,
1600 2090 1669 2132 ob-

122 2160 374 2214 tuleruntque
396 2157 613 2214 myrrham,
635 2159 724 2200 thus
746 2165 788 2200 et
808 2160 977 2201 aurum?
1018 2157 1141 2202 Vides
1162 2173 1276 2215 quam
1295 2166 1383 2215 apte
1404 2158 1584 2201 veritatis
1605 2173 1670 2202 se·

123 2241 213 2272 eum
241 2240 375 2271 sermo
404 2225 609 2281 seriesque
634 2227 879 2269 consentiat?
922 2235 1040 2283 utque
1072 2228 1258 2270 haereses
1291 2228 1399 2284 ipsae
1429 2228 1670 2270 concubinae

124 2295 230 2348 sint,
272 2309 435 2351 quarum
465 2294 599 2337 liberis
618 2308 778 2351 aspersa
802 2309 964 2338 munera
994 2296 1098 2338 sint?
1157 2294 1271 2351 Quae
1297 2296 1451 2352 quidem
1483 2296 1670 2338 haereses

123 2364 252 2408 solum
285 2377 429 2407 nomen
462 2362 710 2414 obtinentes,
758 2363 796 2405 id
820 2370 882 2405 est
910 2364 995 2407 sola
1019 2362 1170 2407 Christi
1202 2364 1462 2420 appellatione
1494 2366 1670 2407 censitae

126 2446 273 2490 paucas
297 2446 319 2475 e
339 2430 465 2474 sacris
495 2430 620 2472 literis
654 2430 874 2474 sententias
895 2432 1117 2488 accipiunt,
1159 2446 1229 2488 per
1250 2446 1347 2488 quas
1371 2432 1576 2475 veritatem
1591 2465 1603 2484 ‚
1635 2432 1670 2475 si

127 2501 274 2557 velint,
307 2499 526 2555 intelligere
546 2498 712 2555 possint.
775 2497 848 2542 Sin
872 2499 999 2542 minus
1022 2500 1167 2552 velint,
1201 2501 1308 2543 etad
1332 2499 1529 2542 Herodem
1557 2502 1670 2543 rede-

128 2576 197 2612 ant
214 2569 460 2624 (mandatum
475 2574 605 2609 autem
626 2567 702 2609 illis
722 2574 800 2620 est,
825 2581 875 2610 ne
893 2568 941 2610 ad
963 2566 1160 2610 Herodem
1182 2569 1361 2618 redeant,
1383 2568 1451 2611 sed
1470 2581 1540 2625 per
1557 2569 1670 2611 aliam

128 2637 234 2683 viam
265 2643 517 2680 revertantur
547 2635 586 2677 in
620 2635 783 2692 patriam
818 2638 975 2690 suam):
1021 2636 1090 2678 sed
1113 2637 1147 2679 si
1170 2636 1359 2693 imperata
1390 2637 1521 2678 facere
1543 2637 1673 2679 detre-

130 2713 259 2759 ctent,
290 2705 421 2749 inania
443 2711 483 2747 et
505 2704 747 2746 infructuosa
770 2704 865 2746 haec
888 2704 964 2746 illis
990 2705 1093 2747 dona
1120 2705 1288 2756 fuerint,
1332 2703 1492 2761 perinde
1516 2718 1563 2746 ac
1583 2703 1673 2748 Ma·

129 2774 193 2831 gis
213 2773 426 2832 profectio,
467 2773 501 2815 si
523 2773 571 2815 ad
601 2771 800 2815 Herodem
830 2772 1112 2824 revertissent,
1154 2772 1257 2828 quod
1280 2773 1461 2815 similiter
1486 2773 1672 2817 haereses

130 2841 241 2900 ipsae
268 2856 469 2886 sacrarum
500 2842 700 2884 literarum
731 2842 910 2896 dogmata
941 2841 1196 2883 adulterando
1229 2848 1494 2898 corrumpant.

131 2980 284 3023 vestiatis)
308 2982 337 3013 et
368 2980 451 3013 editt.
497 2976 684 3023 ἀπέτρεψεν
708 2981 776 3012 cod.
803 2980 879 3011 Rhe·
927 2982 1019 3019 repet.

133 3026 199 3068 a..
974 3023 1003 3057 7.
1030 3019 1116 3058 αὐτὰ
1138 3032 1199 3055 om.
1223 3023 1292 3056 cod-
1318 3024 1450 3067 {thedin-

177 3070 211 3106 6.
233 3066 320 3105 ἀλλὰ
338 3072 487 3105 onim
509 3074 543 3104 tn
560 3072 632 3105 edit.
647 3072 754 3105 petav.
772 3071 881 3103 coion.
975 3068 1053 3101 Cn.
1069 3069 1157 3102 vm.
1184 3087 1223 3094 —
1277 3069 1302 3102 1.
1335 3061 1433 3113 Vulpo
1455 3071 1528 3105 tien
1550 3070 1631 3118 ἔχει.
