2020 3276
418 189 600 225 rammi
625 189 781 222 mesu.
807 189 917 223 ΤοΜ.
934 190 959 222 1.
983 188 1114 222 naen.
1131 187 1288 222 cxxvi.
1549 174 1632 216 219

84 276 257 327 aem-e
284 269 601 312 commemoratis
633 269 740 311 bisce
765 269 916 310 naturis
946 269 1101 319 insunt,
1142 274 1210 310 aut
1239 280 1334 310 casu
1363 264 1528 322 quodam
1554 263 1634 304 sor-

82 337 399 387 anitaancidisse
425 338 629 390 dicantur,
669 344 761 389 aut,
803 338 904 393 quod
929 345 1236 378 consentaneum
1270 342 1355 387 est,
1396 347 1482 376 eam
1510 332 1633 389 ipsam

84 405 241 464 qffls-
264 419 364 463 qnae
397 407 479 463 agit
503 405 740 462 ingenitam,
783 419 882 462 quae
911 419 1009 447 vero
1033 405 1176 461 patitur
1195 418 1241 446 ac
1270 410 1441 446 mutatur
1462 399 1634 458 genitam

197 544 322 586 XXX.
355 541 400 586 Si
423 543 581 600 genitae
606 550 769 585 naturae
792 556 934 585 caussa
954 548 1019 584 est
1043 541 1243 596 ingenita,
1277 540 1492 596 ingenitum
1517 551 1630 589 vero,

33 641 35 643 ·
84 611 195 670 quot}
209 611 438 669 principium
461 611 618 664 dicitnr,
643 611 736 653 nihil
761 612 920 653 omnino
944 610 1010 660 sit,
1037 609 1192 666 quinam
1218 617 1345 666 potest
1366 610 1402 651 id
1422 611 1523 666 qnod
1541 607 1635 650 nihil

84 683 149 724 aa
181 679 270 724 du
295 680 398 736 quad
429 681 656 737 productum
687 686 751 722 est
779 693 870 722 esse
899 678 1159 735 principium?

85 773 103 794 c
124 771 147 792 ·.
182 749 339 792 xxxi.
360 747 407 792 Si
425 749 641 804 ingenitum
665 749 833 805 privatio
851 748 1040 804 quaedam
1061 754 1139 798 est,
1162 754 1223 788 est
1241 754 1370 788 antem
1392 746 1560 802 privatio
1579 745 1637 787 af-

84 816 269 861 min-in
287 816 474 869 amissio,
515 816 678 860 amissio
708 831 827 874 porro
848 816 1004 873 penitus
1024 829 1048 857 ε
1072 815 1200 858 medio
1223 814 1395 866 tollitur,
1428 822 1495 856 aut
1517 815 1555 856 in
1579 813 1636 856 al-

85 892 212 929 m-
237 892 514 939 commntatur,
545 900 714 942 quonam
747 892 861 942 pacto
886 885 1095 927 affectione
1120 884 1184 926 illa
1208 890 1436 926 transeunte
1459 889 1525 924 aut
1549 895 1637 939 per-

85 961 223 1007 eunte,
254 953 329 997 boc
353 961 415 996 est
437 953 601 1010 ingeniti
626 953 911 1011 appellatione,
945 953 1008 995 dei
1032 952 1248 995 substantia
1272 950 1637 1007 cognominabitur?

197 1023 358 1070 ΧΧΧΙΙ.
389 1020 435 1066 Si
455 1022 672 1080 ingenitum
695 1023 955 1079 privationem
969 1053 981 1074 ,
1014 1036 1115 1078 quae
1137 1022 1211 1063 deo
1234 1035 1312 1063 non
1337 1020 1456 1073 inest,
1489 1019 1638 1075 signifi-

85 1098 168 1147 eat,
195 1103 271 1136 mr
296 1090 513 1148 ingenitum
543 1105 650 1143 esse,
680 1091 854 1147 genitum
884 1105 982 1134 vero
1011 1105 1089 1132 non
1121 1103 1212 1133 esse
1241 1090 1433 1131 dicimus?

197 1157 441 1204 mli-Si
462 1159 679 1216 ingenitum
705 1160 807 1201 nuda
828 1160 868 1201 in
891 1160 965 1202 deo
986 1166 1049 1202 est
1067 1159 1293 1216 appellatio,
1328 1159 1428 1200 adeo
1453 1164 1496 1199 ut
1517 1171 1637 1214 supra

89 1234 313 1275 matam-
330 1242 463 1271 rerum
486 1228 658 1271 omnium
678 1227 942 1270 conditionem
962 1228 1047 1271 sola
1066 1227 1332 1285 pronuntiatio
1357 1227 1527 1269 divinam
1546 1225 1639 1267 sub·

85 1296 270 1340 stantiam
291 1297 482 1350 extollat,
515 1311 762 1353 consequens
782 1303 843 1338 est
863 1296 1060 1338 bominum
1084 1295 1442 1354 pronuntiationem
1461 1295 1639 1351 omnipo-

86 1365 208 1409 tenti·
238 1365 302 1408 dai
321 1365 543 1408 substantia
571 1364 893 1421 praestantiorem
919 1365 1070 1418 videri,
1112 1379 1211 1421 quae
1243 1365 1396 1421 quidem
1427 1364 1549 1421 ipsam
1580 1364 1639 1404 in-

86 1433 360 1492 comparabilis
391 1434 627 1477 excellentia
657 1433 856 1490 dignitatis
886 1441 1072 1476 exornet.

197 1503 375 1544 xxxiv,
394 1500 439 1544 Si
461 1517 548 1546 cum
572 1516 622 1544 eo
644 1502 749 1544 omni
773 1503 875 1558 quod
898 1503 1073 1558 genitum
1096 1511 1157 1544 est
1177 1502 1371 1559 implicata
1396 1509 1458 1544 est
1480 1508 1521 1543 et
1545 1515 1639 1543 con·

84 1569 217 1614 iuncta
232 1584 396 1614 caussa
418 1570 543 1623 notio,
574 1585 712 1613 caussa
736 1585 834 1613 vero
856 1579 916 1613 est
941 1571 1115 1627 ingenita
1135 1579 1289 1622 natura,
1313 1585 1399 1612 cum
1424 1569 1638 1626 ingenitum

85 1639 276 1693 ilicibus,
309 1646 388 1683 non
405 1654 583 1683 caussam
603 1640 790 1696 aliquam,
823 1640 892 1681 sed
915 1640 1172 1682 substantiam
1195 1639 1468 1696 exprimimus.

198 1709 359 1751 XXXV.
390 1706 436 1751 Si
470 1707 651 1764 quicquid
678 1708 907 1765 productum
939 1716 1023 1760 est,
1066 1708 1115 1751 ab
1140 1709 1266 1751 altero
1298 1708 1526 1765 productum
1561 1714 1637 1758 est,

84 1776 391 1834 ingenium-o
423 1777 654 1834 hypostasis
682 1790 756 1819 nec
777 1791 799 1818 a
830 1791 874 1819 se
899 1778 1007 1834 ipsa,
1050 1791 1124 1819 nec
1152 1777 1200 1819 ab
1238 1777 1314 1819 alia
1342 1778 1531 1833 producta
1561 1783 1637 1828 est,

83 1845 250 1903 ingeniti
278 1845 471 1889 vocabulo
501 1844 720 1887 substantia
754 1846 838 1902 ipsa
868 1845 1111 1902 significetur
1141 1853 1311 1903 oportet.

196 1915 376 1957 xxxvt.
395 1911 442 1957 Si
466 1914 630 1969 ingeniti
656 1913 892 1966 substantia,
926 1921 1107 1971 tanquam
1129 1929 1286 1965 caussa,
1317 1914 1491 1969 ingenita
1520 1914 1641 1971 bypo-

85 1981 205 2026 stasia
229 1982 476 2035 declaratur,
513 1995 613 2038 quae
636 1996 729 2039 prae
762 1981 869 2024 omni
893 1997 1122 2026 caussarum
1153 1997 1300 2040 genere
1330 1983 1640 2026 immutabilitate

86 2051 262 2108 praedita
282 2058 367 2103 est,
400 2051 535 2093 eadem
558 2064 628 2108 per
651 2064 740 2093 sese
765 2051 983 2094 substantia
1010 2052 1328 2109 incomparabilis
1353 2060 1429 2104 εει,
1464 2066 1541 2094 non
1571 2066 1640 2093 ve-

82 2119 142 2163 lut
162 2119 414 2162 extrinsecus
438 2119 626 2161 adscitam
650 2119 873 2175 qualitatem
900 2120 1005 2162 illam
1027 2135 1119 2177 prae
1146 2135 1190 2163 se
1214 2122 1370 2171 ferens,
1414 2121 1508 2163 nihil
1532 2128 1573 2162 ut
1592 2120 1639 2162 ad

86 2187 209 2245 ipsam
230 2187 357 2244 possit
375 2188 590 2238 accedere,
631 2188 700 2229 sed
722 2188 758 2229 id
781 2201 832 2230 ex
858 2202 948 2231 sese
982 2189 1100 2231 babet
1122 2190 1176 2231 uti
1202 2190 1297 2232 nibil
1323 2204 1409 2232 cum
1439 2189 1521 2246 ipsa
1546 2203 1639 2230 con-

85 2255 206 2309 ferri,
237 2263 308 2299 ant.
330 2257 377 2299 ad
401 2270 486 2297 eam
508 2256 698 2298 accedere
721 2254 860 2312 possit.
925 2255 1035 2300 Unde
1063 2265 1103 2300 ει
1124 2272 1193 2314 per
1217 2266 1343 2300 semet
1367 2265 1428 2300 est
1449 2258 1637 2313 ingenita.

196 2325 392 2367 xxxvn.
427 2323 471 2367 Si
494 2323 741 2380 omnipotens
763 2323 858 2365 deus
883 2332 1063 2367 naturam
1088 2340 1243 2368 omnem
1271 2327 1448 2377 excellit,
1482 2340 1530 2367 eo
1555 2327 1639 2381 ipso

82 2392 184 2449 qaod
218 2392 419 2449 ingenitus
462 2400 524 2435 est
558 2392 734 2434 excellit.
807 2391 923 2448 Quae
955 2394 1175 2451 proprietas
1209 2409 1351 2438 caussa
1389 2402 1450 2436 est
1495 2394 1639 2449 genitis

83 2460 267 2505 omibus
291 2461 541 2504 stabilitatem
562 2460 901 2516 constantiamque
922 2461 1113 2505 tribuens.
1177 2461 1250 2507 Sin
1273 2471 1401 2505 autem
1424 2462 1639 2518 ingenitum

83 2529 340 2573 substantiam
375 2544 454 2573 non
478 2529 688 2586 exprimit,
732 2542 754 2569 a
785 2543 861 2584 quo
894 2530 1048 2572 tandem
1075 2532 1295 2586 genitarum
1332 2546 1461 2573 rerum
1498 2538 1637 2573 natura

81 2597 250 2655 seipsam
282 2605 321 2640 ut
352 2606 564 2641 conservet
594 2597 785 2654 accipiet?

95 2676 184 2715 Β.
204 2678 270 2721 τῆς
296 2681 381 2713 about
401 2680 511 2720 infru,
543 2688 615 2711 cum
650 2679 710 2711 Mc
730 2679 836 2711 verbo-
881 2680 982 2719 praec.
1014 2679 1105 2712 hebet
1133 2674 1293 2714 ου’κέτι
1272 2692 1334 2718 αν,
1369 2681 1418 2713 ed.
1443 2680 1549 2714 Pctav.
1578 2674 1641 2715 οὐκ

0 2732 2 2734 ’
79 2732 154 2758 mn
170 2724 369 2759 maio-e
385 2724 445 2759 τοῦ
459 2721 734 2767 παντοκράτορος,
757 2734 835 2758 um-
883 2723 1000 2758 αἴτιον.

123 2812 180 2849 69.
203 2764 551 2869 tandmggroffl‘
558 2816 654 2856 infra
928 2768 984 2847 7}-
1008 2765 1267 2858 &ligugniana
1287 2817 1384 2858 infra
1432 2817 1523 2858 Quod
1544 2826 1638 2859 praa·

124 2857 179 2893 70.
203 2854 350 2900 ἀναίτιος
366 2863 491 2901 reposui
523 2870 562 2893 ex
585 2862 686 2901 Refut
737 2861 835 2901 Vu190
882 2860 1043 2901 [auidum
1068 2861 1203 2893 videtin.

80 2906 163 2939 sab
190 2908 341 2946 mutam
370 2910 414 2939 est
443 2905 557 2946 αἴτιος.
605 2907 644 2939 Et
664 2907 835 2939 comm-ius
926 2904 980 2939 7⁴.
1005 2906 1095 2946 Infra
1116 2901 1307 2940 αὖτοουσία.

79 2952 172 2984 urm
191 2962 325 2984 caninae
345 2962 400 2983 exa
404 2962 469 2984 ora.
925 2949 979 2983 75.
1005 2949 1252 2994 συνυφαίνουσα
1275 2954 1371 2994 intra.

125 2993 180 3029 71.
205 3007 267 3031 ουκ
294 2995 405 3031 αἰτίαν
433 2998 571 3051 reposui·
586 3006 625 3030 ex
650 2998 773 3038 Berua,
807 3000 833 3029 ιι
924 2992 978 3028 76.
1004 2993 1120 3039 ἐπειδὴ
1145 2998 1207 3038 (νει
1227 2999 1339 3040 legitur
1357 3001 1443 3041 infru
1464 3002 1497 3033 tn
1518 3001 1637 3042 Restat.)

79 3040 171 3075 codd.
199 3051 272 3075 mss.
306 3044 361 3083 qut
389 3042 503 3076 habent
531 3054 594 3078 ουκ
625 3040 725 3078 erza».
773 3043 833 3076 Ed
878 3042 968 3076 codd.
993 3051 1066 3074 mss.
1090 3044 1227 3085 uterque.
1274 3042 1347 3082 ἔστι
1369 3042 1414 3091 δὴ
1449 3046 1524 3080 edm
1554 3047 1635 3080 tion·
