2020 3276
346 248 528 283 emanti
549 248 633 281 me.
657 247 713 280 ιιι.
737 246 848 281 Tou.
866 246 909 279 11.
933 246 1088 279 uxros.
1114 244 1199 279 rm.
1227 243 1417 278 ennon.
1574 234 1657 276 519

107 329 265 388 'wipo
287 326 419 371 vitalis
443 327 631 384 quaedam
662 326 787 367 virtus
824 324 1064 367 continetur.
1126 322 1270 379 Neque
1301 323 1339 364 id
1369 322 1496 364 solum
1529 328 1657 364 actum

107 404 170 444 ed
190 404 235 441 ut
258 409 335 440 noa
362 409 463 452 aqua
496 401 749 453 repurgat-et,
791 394 861 435 sed
900 400 942 435 ut
966 406 1092 448 aquae
1124 392 1164 432 vi
1187 405 1258 447 per
1280 391 1419 441 fidem,
1464 389 1658 432 actionem

108 470 153 512 et
167 474 284 523 apa·
303 479 351 508 ae
375 464 652 522 mysteriorum
676 460 935 504 initiationem
958 468 999 502 et
1021 459 1336 502 consecrationis
1357 457 1659 515 appeliationem

108 533 158 580 d
177 534 408 591 petreum
444 531 741 587 absolutamque
782 531 947 572 salutem
994 529 1107 570 nohis
1146 526 1243 583 ipsis
1281 528 1476 568 conserat.
1550 524 1659 581 Ergo

107 599 295 650 maht-a
315 601 492 644 aseendit
514 615 537 642 e
558 599 751 650 lerdane,
785 612 923 640 voc-em
943 598 1067 654 patris
1090 596 1233 647 audiit,
1267 609 1379 651 quam
1401 602 1440 635 et
1462 594 1656 650 discipuli,

108 669 176 727 qai
197 670 394 722 ‘doraum
438 669 670 719 audierunt,
711 674 754 709 ut
779 667 866 723 quis
900 666 966 708 itte
1005 666 1129 716 toret,
1176 664 1237 705 cui
1267 663 1533 705 testimonium
1567 662 1660 704 illud

73 781 87 795 ‚
108 737 389 795 praeberetur,
436 743 715 794 agnoscerent.
778 734 883 777 Tum
920 734 1039 776 etiam
1070 732 1232 789 spiritus
1266 739 1426 773 sanctus
1456 730 1660 772 columbae

106 806 245 864 speeie
265 807 450 863 delapsus
475 812 560 857 est,
601 804 924 861 quemadmodum
946 803 984 844 in
1010 802 1216 843 multarum
1241 800 1459 842 haereseon
1481 799 1661 840 confuta·

108 873 218 919 tine
235 875 424 920 diximus.
489 874 548 915 Ac
567 887 616 915 ne
638 872 791 914 trinitas
816 871 898 928 ipsa
926 871 965 912 in
989 883 1108 912 unum
1130 870 1288 910 redacta
1314 869 1554 922 confusaque
1574 879 1661 908 cre-

108 944 293 995 deretur,
335 944 496 999 spiritus
520 941 675 998 propria
710 941 749 982 iu
777 953 946 997 persona
975 939 1136 994 figuram
1162 937 1266 978 illam
1289 936 1437 986 induit,
1481 944 1520 976 et
1543 948 1663 990 super

109 1011 217 1055 ilh-
238 1011 410 1063 resedit,
451 1024 574 1066 seque
610 1010 648 1051 in
677 1010 801 1065 ipsum
834 1007 1074 1058 insinuavit,
1115 1013 1157 1047 ut
1180 1006 1214 1047 is
1239 1005 1303 1046 cui
1328 1003 1592 1045 testimonium
1616 1002 1663 1044 il-

108 1080 177 1123 td
206 1079 496 1135 uagabatur
525 1078 761 1134 conspicuus
794 1084 925 1127 esset,
969 1082 1086 1131 utque
1119 1080 1413 1116 sacrosanctam
1441 1072 1545 1112 illam
1575 1084 1662 1112 car-

108 1162 199 1193 ue·
233 1148 396 1190 amicam
431 1161 544 1198 esse,
588 1147 742 1201 deoque
778 1146 960 1202 placere,
1003 1144 1126 1200 patris
1159 1157 1206 1184 ac
1237 1141 1397 1198 spiritus
1429 1138 1663 1181 auctoritate

108 1223 335 1269 efluunt,
380 1223 419 1258 ut
443 1215 536 1257 illud
561 1213 778 1271 praedicari
805 1213 929 1270 palam
959 1219 1116 1269 posset,
1162 1209 1476 1252 incarnationem
1502 1207 1569 1248 filii
1591 1221 1663 1248 vo-

107 1285 216 1330 lente
237 1298 284 1326 ae
308 1284 496 1341 probante
516 1290 625 1339 patre
648 1296 738 1324 esse
762 1283 1001 1339 perfectam,
1034 1295 1080 1322 ac
1101 1279 1268 1335 denique
1292 1291 1410 1319 verus
1434 1283 1475 1317 ut
1497 1288 1663 1332 appare-

108 1360 174 1396 ret
191 1352 296 1396 filine
318 1359 361 1395 et
378 1352 470 1395 illud
492 1351 705 1408 prophetae
727 1349 952 1392 vaticinium
979 1349 1175 1405 expleret,
1208 1350 1263 1388 Et
1275 1354 1368 1401 post
1384 1348 1477 1386 haec
1495 1348 1535 1386 in
1553 1352 1658 1385 terra

108 1425 214 1464 κήκ
239 1429 319 1471 aet,
364 1429 403 1462 et
430 1435 514 1461 eum
546 1420 758 1460 hominibus
791 1426 1049 1460 conversatus.
1114 1414 1239 1471 Igitur
1264 1429 1287 1457 e
1313 1413 1479 1456 Iordane
1509 1413 1662 1468 digres-

109 1504 180 1534 -ι
211 1496 323 1533 certo
362 1502 534 1544 vereque
565 1502 586 1528 a
615 1487 769 1530 diabolo
803 1486 843 1528 iu
869 1487 1026 1527 deserto
1056 1491 1230 1526 tentatus
1256 1491 1340 1535 est,
1388 1490 1427 1524 et
1451 1489 1540 1539 post
1564 1480 1663 1523 ieiu-

110 1559 217 1603 ni·
240 1557 402 1610 eeuriit,
449 1564 491 1599 ut
512 1557 614 1613 quod
639 1569 761 1597 verae
795 1554 904 1597 carni
929 1561 1137 1609 susceptae
1166 1558 1476 1594 consentaneum
1501 1557 1563 1591 est
1590 1563 1663 1591 ex-

109 1627 312 1685 primeret.
375 1623 601 1669 Secundum
625 1625 721 1666 haec
744 1623 956 1679 discipulos
977 1621 1120 1676 elegit,
1167 1620 1371 1662 veritatem
1404 1617 1660 1676 praedicavit,

108 1694 377 1752 aegnimdim
401 1693 580 1744 sanavit,
613 1692 794 1743 dormiit,
827 1690 989 1741 esuriit,
1022 1690 1099 1731 iter
1123 1689 1235 1740 fecit,
1279 1688 1452 1744 prodigia
1475 1686 1660 1743 patravit,

111 1767 291 1807 mertum
312 1762 527 1813 excitavit,
571 1761 702 1803 caecis
722 1761 849 1802 visum
872 1757 1207 1815 repraesentavit,
1249 1757 1397 1799 claudis
1419 1763 1457 1797 et
1478 1754 1664 1812 paralyti-

113 1831 176 1875 α’·
194 1830 304 1875 vitea
323 1830 510 1874 restitnit.
572 1827 909 1885 Quemadmodum
930 1826 1179 1882 evangelium
1202 1826 1326 1882 ipsum
1346 1823 1532 1866 coelestis
1550 1822 1665 1878 regni

116 1898 349 1952 auitam,
391 1913 439 1941 ae
457 1913 545 1941 cum
569 1898 692 1955 ipsius
718 1898 810 1948 tilii,
854 1904 933 1938 tum
958 1894 1100 1952 patris,
1142 1908 1189 1936 ac
1211 1893 1373 1950 spiritus
1397 1892 1524 1935 sancti
1553 1890 1665 1934 boni-

116 1973 236 2010 tate·
277 1966 634 2023 inmanitatemque
674 1964 935 2022 praedicavit:
981 1964 1082 2005 idem
1123 1962 1190 2004 ille
1235 1976 1353 2018 porro
1394 1974 1538 2003 revera
1573 1973 1661 2001 cru-

117 2035 246 2079 ciatus
280 2034 322 2077 iu
346 2048 418 2077 aua
448 2048 567 2076 carue
598 2042 639 2076 et
671 2035 844 2090 perfecta
878 2032 1046 2074 hominis
1077 2037 1217 2073 natura
1248 2029 1456 2081 sustinuit3
1501 2042 1595 2070 vere
1622 2027 1661 2069 in

117 2116 237 2146 eraee
267 2115 406 2159 μεως
433 2109 520 2154 eat,
561 2102 615 2144 ita
637 2101 814 2158 quidem,
858 2108 900 2143 ut
918 2101 958 2142 in
981 2114 1030 2142 eo
1054 2099 1238 2141 divinitas
1261 2098 1480 2149 existeret,
1523 2097 1593 2139 sed
1614 2095 1661 2139 ad

117 2170 341 2229 patiendum
364 2169 521 2212 minime
545 2183 636 2212 aeae
656 2176 935 2220 converteret,
975 2168 1046 2211 sed
1071 2167 1267 2224 passionis
1291 2180 1438 2223 expers
1461 2172 1502 2207 et
1525 2166 1663 2207 immu-

116 2238 249 2283 tabilia
281 2245 472 2281 maneret.
533 2235 623 2292 Qua
647 2236 686 2279 in
713 2250 757 2279 re
779 2238 857 2278 duo
884 2237 949 2279 illa
979 2242 1244 2278 consentanea
1275 2234 1495 2277 certissime
1520 2232 1664 2275 intelli-

115 2313 287 2364 guntur,
332 2314 369 2349 ut
393 2313 432 2347 et
454 2305 638 2348 Christus
661 2318 730 2361 pro
755 2304 867 2347 nohis
892 2318 1012 2347 earne
1033 2304 1081 2346 sit
1106 2317 1270 2360 passus,
1311 2310 1351 2345 et
1372 2301 1567 2359 passionis
1592 2314 1665 2342 ex-

115 2389 210 2433 pers
243 2377 287 2418 iu
306 2374 511 2417 divinitate
536 2379 778 2429 permaneat.
839 2371 932 2415 Non
960 2372 1063 2429 quod
1097 2371 1265 2413 hominis
1294 2378 1432 2413 natura
1456 2384 1502 2410 ac
1524 2367 1664 2411 diviui-

114 2450 179 2488 tae
201 2450 409 2500 separatae
433 2457 454 2484 a
480 2455 524 2483 se
546 2441 713 2483 invicem
748 2441 948 2492 existant,
992 2454 1130 2482 verum
1154 2440 1308 2482 tametsi
1334 2453 1411 2480 una
1438 2444 1546 2479 esset
1566 2435 1665 2478 divi-

116 2511 243 2563 auu,
287 2511 382 2554 uihil
409 2510 458 2553 ob
485 2510 680 2552 sinceram
699 2516 751 2550 ,et
778 2507 1119 2566 incomparabilem
1154 2514 1331 2550 naturam
1363 2513 1424 2548 est
1456 2518 1658 2562 perpessa.

114 2578 174 2624 Aa
193 2578 381 2624 Clu-istus
404 2586 445 2621 et
464 2579 503 2620 in
530 2591 650 2620 carne
673 2589 812 2634 μίαν
836 2583 921 2626 est,
954 2583 996 2618 et
1018 2575 1058 2617 in
1081 2576 1218 2618 eadem
1243 2582 1369 2617 morte
1391 2580 1454 2615 est
1476 2573 1659 2625 affectus,

117 2661 208 2693 enm
238 2647 395 2690 iuterim
430 2646 634 2688 divinitate
666 2646 748 2701 ipsa
777 2643 932 2686 viveret
961 2658 1007 2686 ae
1043 2650 1219 2686 mortuos
1254 2642 1473 2693 excitaret,
1520 2655 1664 2698 corpus

118 2728 216 2760 vero
238 2729 281 2758 re
309 2730 403 2758 vera
424 2715 616 2772 sepultum
639 2728 685 2755 ac
711 2712 839 2755 triduo
861 2712 991 2754 anima
1015 2725 1155 2754 eureus
1180 2718 1219 2753 et
1241 2710 1378 2766 spiritu
1403 2717 1588 2766 motuque
1607 2709 1665 2752 ia-

116 2791 248 2836 eeret,
291 2784 517 2826 obvolutum
547 2782 737 2831 sindone,
784 2780 823 2822 iu
845 2786 1137 2822 monumentum
1170 2779 1414 2835 depositum,
1457 2778 1659 2821 occlusum

119 2852 246 2910 lapide
268 2866 314 2894 ac
335 2851 473 2909 sigillis
497 2850 758 2907 obsignatum.
818 2846 960 2903 Neque
989 2861 1086 2890 vero
1119 2847 1204 2904 ipsa
1227 2853 1289 2890 est
1315 2846 1499 2888 conclusa
1522 2846 1663 2890 divini-

120 2927 182 2962 tas
201 2927 270 2963 aut
289 2920 464 2977 sepulta,
506 2919 575 2961 sed
599 2933 685 2959 cnm
709 2916 955 2959 sanctissima
984 2915 1070 2958 eius
1094 2915 1222 2957 anima
1252 2914 1299 2957 ad
1320 2915 1469 2957 inferos
1498 2916 1663 2959 deseen-

121 2988 202 3038 dit,
243 2987 489 3044 indidemque
512 2987 686 3043 captivas
717 2984 868 3027 animas
892 2983 1058 3040 eripuit,
1104 2985 1294 3024 secr-utun
1326 2986 1458 3024 mor-ets
1481 2986 1654 3039 anfi-egit,

166 3079 200 3115 8.
222 3079 295 3114 Poet
325 3075 512 3124 πνεύματος
532 3088 648 3112 meum
677 3080 771 3120 caput
792 3077 901 3117 ancipit
923 3077 957 3109 in
980 3076 1052 3110 edit.
1077 3075 1188 3110 Peon.

1689 595 1802 627 nauti.
1817 595 1845 625 Ι.

1693 1357 1827 1387 Barueh.

1689 1414 1803 1456 Μέιιιι.
1820 1427 1849 1456 4.

1708 2995 1733 3024 1.
1743 2994 1813 3024 Cor.

1711 3030 1756 3066 u,
1772 3029 1816 3059 ⁶0.
