2020 3276
367 166 450 208 664
826 170 1046 206 ADDENDA
1067 171 1129 206 ΕΤ
1154 170 1455 206 consenum.

366 253 388 286 1.
404 253 437 287 5.
459 252 501 286 ub
522 251 584 286 inf.
609 249 670 287 καὶ
693 246 832 296 α’γαθῶν
848 252 893 298 τῇ
910 251 1011 298 ψυχῇ
1030 250 1090 288 καὶ
1115 251 1231 288 κακῶν
1252 252 1337 286 ven.
1384 250 1476 286 Idem
1497 251 1520 286 I.
1535 249 1569 288 4.
1589 251 1632 287 ab
1651 251 1715 291 inf.
1741 248 1913 298 διάγοντες

365 307 573 353 η’μάρτομεν.

456 365 564 412 Peg.
579 364 682 402 314.
726 364 749 399 l.
768 364 801 399 2.
823 360 865 400 ἶν’
887 361 1057 410 α’κῆρατον
1079 365 1164 401 ven.
1214 365 1305 400 Idem
1334 366 1359 400 1.
1379 365 1412 401 3.
1440 359 1572 412 πλήρις.
1595 383 1643 398 -ι-
1684 365 1711 401 1.
1731 363 1766 413 6.
1790 364 1832 404 ἐκ
1853 365 1912 402 τοῦ

365 421 475 466 τρίτου
498 419 570 467 ἐκβ.
594 417 748 466 οὐρανοῦ,
773 417 848 457 ἀνθ’
869 415 916 458 οἶν
938 421 1156 469 παρήκουσαν
1178 425 1264 459 Ven.
1313 422 1406 457 Idem
1426 422 1450 457 1.
1465 422 1499 458 8.
1523 415 1735 461 ταστεῦσειεζ
1752 441 1794 450 -
1839 421 1864 458 1.
1879 421 1914 460 9.

365 479 565 515 ἐκτίθωνται
583 479 669 512 Ven.
695 478 811 512 Recte.
832 498 876 505 -—
899 478 989 515 1.10.
1013 479 1069 516 ἳνα
1090 478 1147 525 δὴ,
1173 480 1262 527 quod
1282 479 1424 521 restitui,
1449 491 1536 514 ιιιιιιο
1558 479 1758 527 comprobet
1773 480 1913 516 Van.—

364 536 388 569 l.
417 536 467 570 12.
491 533 534 572 τὰ
557 534 718 582 λεχθέντα
738 537 822 570 Veu.
846 555 890 563 —
936 536 1021 571 Ibid.
1045 536 1174 582 corrige
1195 534 1442 582 Ἐδοκίμασας.
1467 555 1508 564 -
1554 537 1578 573 1.
1603 539 1652 574 16.
1675 536 1811 592 θλίψμς
1825 533 1914 574 M·-

365 605 436 629 πιον
458 591 560 638 ἡμῶν
581 594 664 626 Ven.
686 611 730 619 —
776 592 799 626 I.
821 591 876 628 21.
899 593 967 629 τῶν
987 590 1149 639 οὐρανίων
1181 592 1397 630 κατάπτωσιν
1422 593 1472 634 εἰς
1495 592 1553 631 τὸν
1573 593 1665 642 βίον,
1694 592 1916 642 διερχομένης

366 651 451 685 Ven.
498 647 718 696 διερχομένης
743 649 857 695 utique
890 650 1130 684 restituendum
1165 658 1227 684 est.
1251 670 1296 676 —
1341 650 1364 684 1.
1386 649 1439 685 25.
1463 652 1503 684 In
1522 651 1671 698 margine
1695 651 1771 688 eod.
1793 651 1916 687 Veneti

365 707 400 741 h.
421 706 444 740 l.
465 706 670 751 adscriptum
692 706 813 751 legitur
832 706 924 752 Περὶ
942 707 1000 744 τοῦ
1025 707 1255 752 Παραδείσου.
1279 725 1324 733 -
1369 707 1392 740 l.
1414 707 1469 743 27.
1493 704 1716 755 οἷφορισμένος
1733 708 1836 754 δῆλον
1855 704 1916 755 ἀφ’

367 757 408 801 οὗ
429 761 569 799 καὶτὸν
592 763 710 808 Τίγριν
738 765 823 799 Ven.
847 783 892 790 —
938 764 962 798 l.
984 763 1039 800 31.
1073 763 1326 811 καταχεῶμενοι
1347 765 1467 799 Venet.
1493 783 1536 792 —
1582 764 1917 813 1.ponu11..cordge

367 819 497 867 μηνύει.

457 879 565 925 Pag-
586 879 690 915 316.
734 877 756 911 I.
774 877 807 912 2.
831 879 916 913 Ven.
937 877 1066 924 plenius
1087 874 1313 924 α’ναληφθέντι
1333 875 1472 923 ουρανόν
1493 877 1687 933 πεφηνέναι.
1733 866 1827 914 Idem
1845 878 1916 917 1.5

365 933 569 980 παράδεισον
588 928 689 975 αυθις
704 934 829 980 ἑτέραν.
848 955 890 962 -
915 935 938 970 1.
951 934 984 970 6.
1007 933 1224 980 Τερατισμός
1244 947 1302 971 ουν
1323 934 1395 971 ἔστι
1413 934 1474 971 καὶ
1491 927 1763 983 τραγικαιολογία
1777 937 1917 972 Vem—

366 993 388 1027 l.
415 993 466 1027 12.
490 990 692 1037 ἐδιδάξαμεν
710 991 847 1032 ἱκανῶς.
871 988 955 1028 αυτό
979 990 1017 1027 τὸ
1039 994 1141 1037 σῶμα
1161 994 1244 1027 Ven.
1290 991 1384 1026 Idem
1406 991 1429 1026 l.
1452 992 1502 1027 13.
1526 994 1630 1038 σῶμα
1651 997 1818 1040 ‹mmet-u
1838 993 1917 1039 τῆς,

367 1056 403 1084 et
421 1049 521 1094 paulo
539 1056 619 1094 post
637 1044 690 1085 ὅτι
707 1047 746 1085 τὸ
769 1048 1031 1095 συναμῴότερον.
1055 1068 1102 1075 -
1146 1049 1169 1083 1.
1188 1048 1240 1084 16.
1265 1045 1328 1085 οὔκ
1347 1047 1492 1095 ἐχόντων
1511 1045 1680 1087 ἀκίνδυνον
1699 1047 1920 1098 ἐπιχειρήσας

366 1107 451 1140 Ven.
475 1125 522 1133 -
566 1105 589 1140 1.
606 1106 662 1140 20.
685 1101 843 1151 ἥκαμεν,
878 1102 1122 1151 οἷπογυμνῶσαι
1152 1102 1227 1142 κατ’
1260 1103 1371 1150 αὐτῆς
1401 1103 1518 1147 αὐτοῖς
1536 1107 1619 1143 Ven.
1642 1125 1689 1134 —
1731 1107 1825 1145 1.21.
1847 1105 1918 1150 καὶ,

368 1170 446 1198 ante
480 1161 679 1207 ἐπύρωσας,
716 1175 782 1197 οιιι.
806 1165 890 1198 Ven.
914 1183 956 1189 —
1003 1163 1027 1197 1.
1047 1163 1102 1198 23.
1125 1161 1164 1200 τό
1190 1161 1295 1199 πολλοὶ
1315 1162 1380 1209 γῶρ
1414 1162 1488 1199 ἐστι
1519 1164 1623 1210 (corr.
1643 1162 1710 1211 γὰρ
1731 1163 1816 1209 ἔστι)
1839 1161 1918 1204 καθ’

366 1219 463 1268 ἡμᾶς
484 1220 519 1258 ἐν
537 1220 767 1266 προφητείαις,
793 1220 905 1256 πίστει
925 1219 990 1266 γὰρ
1011 1220 1214 1265 πληροῦνται
1233 1222 1318 1255 Ven.
1339 1222 1441 1255 Bene.
1466 1240 1509 1248 —
1554 1221 1580 1256 1.
1593 1218 1652 1257 24.
1679 1221 1816 1268 eon-rige
1834 1232 1919 1267 προ-

366 1278 514 1324 φητείαι.
540 1298 586 1304 -
621 1277 705 1311 Ibid.
731 1277 791 1314 καὶ
811 1275 961 1318 εὐκλεῶς
981 1276 1041 1313 καὶ
1061 1276 1185 1322 ἐρρωμ.
1209 1279 1292 1312 Veu.
1314 1296 1361 1304 —-
1395 1277 1419 1311 1.
1439 1277 1493 1313 25.
1517 1278 1605 1325 θεῷ,
1629 1275 1679 1319 οἷς
1700 1277 1756 1315 ἵνα
1778 1278 1919 1313 Vm.—

366 1337 390 1370 1.
412 1336 467 1372 26.
491 1332 633 1380 τίλέγξαι
652 1336 724 1368 Bas.
747 1355 792 1362 -
824 1335 860 1375 ,l.
884 1335 939 1371 27.
963 1333 1207 1379 ἐπισκήψασθε
1230 1335 1313 1369 Ven.
1359 1334 1453 1369 Idem
1474 1335 1575 1382 paqu
1594 1341 1675 1382 poet
1695 1333 1775 1382 περὶ
1792 1345 1920 1385 ,μαρτυ-

369 1393 448 1438 ριῶν
486 1392 568 1437 (τῶν
589 1391 701 1436 deest)
733 1391 792 1427 καὶ
824 1389 842 1429 6
867 1392 956 1427 Σαλ.
981 1410 1024 1418 -
1069 1391 1091 1424 1.
1112 1391 1168 1426 29.
1191 1385 1295 1437 ηὗρεν
1318 1393 1402 1428 vnn.
1427 1412 1471 1418 —
1516 1392 1541 1427 1.
1555 1391 1579 1428 6
1596 1392 1639 1435 qb
1661 1391 1725 1434 inf.
1747 1390 1920 1438 εἰρημένον

368 1462 438 1485 ιιοιι
469 1450 574 1484 habet
603 1451 687 1484 Ven.
709 1468 754 1475 —
807 1449 831 1482 1.
852 1447 874 1483 4
897 1448 938 1482 ab
959 1448 1020 1482 inf.
1054 1447 1208 1485 κατέπιον
1237 1446 1353 1494 ἡμᾶς·
1388 1444 1457 1494 ἄρα
1485 1447 1525 1486 τὸ
1557 1445 1650 1494 ὕδωρ
1670 1447 1920 1494 κατεπόντησεν

369 1508 454 1553 (sic,
479 1518 542 1552 pro
562 1504 812 1550 κατεπόντισεν)
835 1504 954 1551 ημᾶς,
977 1504 1156 1551 χείμαρρον
1181 1505 1246 1551 (ita
1271 1507 1342 1540 Bas.
1368 1516 1499 1552 quoque
1520 1505 1762 1544 restituendum
1782 1505 1919 1552 suadet)

368 1565 507 1610 διῆλθεν
531 1571 630 1609 auget
653 1565 773 1598 Venet.

458 1622 566 1668 Peg.
585 1621 690 1659 318.
733 1621 757 1655 1.
777 1619 809 1656 6.
832 1620 944 1655 Verba
967 1618 1047 1656 ἔθου
1071 1620 1206 1663 θλίψεις
1232 1619 1289 1656 ἐπὶ
1319 1619 1378 1657 τὸν
1408 1621 1510 1658 νῶτον
1544 1619 1645 1666 ημῶν
1674 1632 1744 1656 non
1765 1590 1919 1667 egnoedt

368 1680 489 1712 Venet.
511 1697 557 1705 —
601 1679 624 1712 1.
643 1679 675 1714 7.
700 1679 782 1712 Post
804 1676 1017 1724 ἐκθλιβέντες
1040 1689 1168 1723 repone
1195 1677 1296 1712 verba
1325 1689 1410 1723 quae
1433 1677 1628 1712 exciderunt
1657 1677 1718 1714 καὶ
1742 1676 1919 1746 mog-1362·

367 1749 434 1777 τες.
465 1756 506 1763 —-
552 1737 575 1770 L
598 1736 631 1770 8.
655 1733 720 1780 γάρ
742 1746 797 1780 με,
821 1734 912 1780 φησὶ
931 1736 1015 1769 Ven.
1061 1734 1155 1768 Idem
1177 1734 1199 1768 1.
1217 1734 1249 1770 9.
1273 1732 1371 1770 καὶ“
1351 1748 1368 1771 ο
1390 1731 1560 1782 ’Δβραοὶμ
1585 1754 1629 1761 -
1674 1734 1699 1769 1.
1722 1734 1776 1771 13.
1797 1732 1817 1771 o·
1835 1730 1920 1781 ’Ῑῶβ

367 1796 452 1830 Ven.
475 1813 520 1820 —
564 1794 586 1827 l.
605 1790 657 1828 14.
682 1791 823 1833 λέλακας
841 1803 904 1838 pro
925 1791 1083 1832 λαίλαπος
1106 1792 1209 1826 habet
1230 1793 1302 1826 Bas.
1326 1810 1372 1818 —
1420 1791 1442 1826 l.
1460 1793 1513 1827 15.
1539 1787 1644 1828 αυτοῦ
1665 1793 1725 1829 τοῦ
1745 1792 1849 1838 θεοῦ,
1861 1785 1922 1831 ’Ἡ

368 1850 461 1895 (cod.
479 1847 518 1895 η’)
538 1851 600 1886 οἴει
618 1861 662 1894 με
682 1851 767 1884 Ven
813 1849 907 1882 Idem
930 1848 1020 1884 1.16.
1041 1849 1096 1884 ἵνα
1117 1846 1305 1895 ἀναφανῇς,
1329 1849 1405 1883 etl.
1425 1849 1476 1885 17.
1501 1861 1550 1890 ως
1568 1849 1715 1896 χρυσίον
1742 1867 1784 1877 «-
1828 1848 1859 1888 1
1864 1848 1919 1884 21.

368 1907 430 1948 δὸς
451 1907 554 1943 εἰπεῖν
576 1908 663 1941 Ven.
710 1907 804 1940 Idem
826 1906 926 1952 paulo
954 1913 1033 1950 post
1053 1905 1311 1951 παντοκράτωρ,
1337 1903 1356 1942 ὅ
1374 1905 1491 1951 μέγας,
1518 1903 1537 1942 6
1559 1903 1702 1947 αίωνιος.
1726 1924 1772 1934 -
1814 1905 1839 1940 1.
1863 1904 1920 1943 23.

368 1964 428 2000 καὶ
449 1964 517 1999 τῶν
542 1961 806 2008 ῥημάτωνῖεἰο)
829 1962 880 2003 εἰς
901 1961 965 2008 τήν
990 1974 1109 1998 καυστ.
1129 1962 1409 2009 μεταβληθέντων
1434 1961 1536 2008 φύσιν
1558 1960 1814 2006 ὖπεξαλῦσαντα
1833 1964 1918 1999 Ven.

367 2023 406 2055 In
431 2023 503 2054 Bas.
525 2027 576 2054 est
597 2017 852 2064 ιῖπεξαλῆξαντι.
875 2039 916 2045 —-
963 2019 987 2053 1.
1006 2018 1060 2054 24.
1085 2017 1252 2065 ἐξήγαγες
1271 2017 1367 2065 ἡμᾶς
1388 2019 1438 2060 εἰς
1457 2017 1624 2068 α’νάψυχιν
1644 2015 1857 2066 (ἀναψυχὴν,
1876 2031 1921 2054 en

368 2075 531 2121 ἀνάψυξιν
542 2076 588 2120 2).
634 2077 696 2120 Σῆ
722 2077 770 2121 (h.
792 2088 819 2109 e.
845 2074 927 2120 Σῆ,
951 2083 988 2110 ιιι
1007 2075 1113 2121 edidi)
1134 2075 1198 2122 γὰρ
1223 2077 1306 2110 Ven.
1352 2077 1454 2111 Paulo
1475 2083 1555 2122 post
1575 2074 1704 2122 oon-fige
1724 2089 1767 2112 ex
1787 2077 1919 2116 Veneto

369 2133 427 2171 ἐὰν
449 2133 636 2182 διαβαίνῃς.
659 2153 699 2160 -
745 2133 767 2166 l.
786 2132 840 2168 25.
873 2133 932 2169 καὶ
956 2133 1133 2179 διαβαίνῃς
1163 2135 1245 2168 Veu.
1270 2152 1315 2160 --
1359 2134 1383 2168 1.
1402 2134 1456 2170 27.
1484 2135 1563 2168 Post
1582 2130 1622 2170 οὗ
1644 2131 1696 2180 μή
1725 2132 1921 2185 reponenda

369 2199 446 2225 sunt
468 2191 568 2225 verba
591 2191 824 2236 κατακαυθῇς,
848 2188 935 2235 φλόξ
956 2188 1007 2234 οὐ,
1029 2202 1114 2236 quae
1137 2190 1343 2226 exciderunt.
1394 2193 1431 2225 In
1453 2192 1538 2225 Ven-
1562 2190 1684 2236 legitur
1703 2188 1743 2227 οὗ
1762 2189 1811 2237 μὴ
1837 2202 1920 2227 καυ-

370 2247 437 2293 θῆς
461 2249 560 2293 (sic),
597 2246 685 2293 φλὸξ
703 2244 743 2283 οὗ
763 2246 992 2283 κατακαύσειέ
1015 2259 1054 2282 σε
1067 2273 1078 2288 ,
1110 2244 1215 2283 Ἀλλὰ
1235 2249 1306 2283 κτλ.
1339 2267 1375 2274 -
1421 2247 1443 2282 1.
1459 2247 1514 2284 28.
1538 2244 1613 2289 ἅλις
1631 2247 1704 2295 ἔχει
1723 2259 1792 2283 non
1811 2259 1920 2294 ogno-

369 2306 432 2340 scit
455 2307 537 2339 Ven.
587 2305 679 2338 Idem
703 2305 726 2338 1.
740 2303 793 2339 29.
826 2304 967 2349 praebet
992 2302 1231 2349 πολυμόρφοις.
1266 2324 1311 2331 -
1356 2304 1377 2338 l.
1399 2302 1422 2340 4
1439 2305 1482 2339 ab
1503 2305 1566 2339 inf.
1604 2298 1761 2350 σὰρκῖνος
1790 2306 1862 2341 Bu.
1883 2311 1921 2341 et

369 2365 467 2404 Ven.,
493 2362 548 2408 qui
568 2362 615 2396 ita
635 2361 739 2396 etiam
760 2368 890 2406 postea.
915 2381 960 2387 —
1006 2361 1028 2395 l.
1050 2362 1081 2396 3.
1105 2362 1148 2395 ab
1171 2362 1232 2396 inf.
1256 2361 1336 2406 καὶ,
1359 2368 1438 2396 ante
1456 2360 1689 2407 κυριεύεσθαι,
1713 2373 1780 2397 om.
1801 2363 1892 2409 ven.-

460 2421 568 2466 Png.
593 2420 696 2456 320.
740 2418 762 2452 l.
786 2421 813 2452 1.
837 2417 902 2461 τὸ,
926 2425 1004 2452 ante
1031 2415 1128 2464 Ἐγώ
1151 2417 1191 2455 δὲ
1213 2423 1369 2463 σαρκῖνος
1398 2419 1463 2464 (εἰσ
1487 2419 1575 2453 enim
1597 2425 1649 2453 eet
1671 2419 1707 2453 in
1723 2419 1829 2465 ven.)
1849 2430 1917 2455 on.

370 2479 455 2512 ven.
502 2476 595 2510 Idem
614 2476 637 2510 l.
656 2476 689 2510 2.
713 2472 810 2522 Ἐγώ
831 2474 871 2512 δὲ
893 2474 986 2518 ἔζων.
1007 2495 1050 2502 --
1095 2476 1118 2509 l.
1134 2475 1167 2511 3.
1191 2477 1319 2521 Θαῢμα
1339 2474 1400 2521 μὲν
1419 2469 1476 2512 οὖν
1493 2480 1565 2517 τοῖς
1585 2477 1670 2510 Ven.
1718 2475 1813 2510 Idem
1833 2475 1919 2511 liber

370 2534 461 2568 delet
479 2544 551 2567 voc.
574 2530 686 2570 αυτῶν
707 2540 786 2578 post
809 2533 984 2578 λεγόντων,
1007 2540 1042 2567 et
1062 2533 1186 2567 deinde
1206 2545 1279 2567 voc.
1309 2530 1482 2575 υπεδύετο.
1506 2553 1550 2559 -
1594 2531 1664 2568 1.4.
1683 2531 1918 2580 φανερότερον

370 2593 455 2625 Ven.
481 2610 523 2616 —
570 2591 593 2624 l.
613 2591 645 2626 8.
669 2588 857 2635 ἀνατρέψαι
876 2592 961 2624 Ven.
987 2611 1029 2616 —
1065 2591 1089 2626 1.
1113 2592 1162 2626 10.
1187 2589 1398 2636 λοιδορήσας
1415 2588 1454 2626 τὸ
1474 2589 1622 2635 ἐπῆλθον
1641 2591 1726 2625 ven.
1749 2609 1792 2616 —
1822 2589 1916 2626 1.13.

372 2660 552 2692 σωματος,
577 2647 651 2683 ἐπεὶ
672 2647 702 2682 εἰ
727 2644 876 2692 ἄληπτος
898 2649 991 2688 Ven„
1015 2660 1089 2682 voc.
1116 2660 1222 2692 ουσα,
1250 2655 1328 2692 post
1351 2644 1457 2694 ψυχὴ,
1483 2646 1615 2681 omisso.
1640 2666 1684 2673 -
1725 2646 1751 2681 l.
1777 2646 1831 2682 15.
1853 2658 1918 2685 ουκ

373 2703 421 2740 ἔτι
440 2702 589 2748 ἄληπτος
606 2707 689 2739 Ven.
717 2725 757 2731 —
803 2705 826 2738 I.
849 2705 899 2740 17.
925 2701 1035 2750 ὥςπερ
1055 2704 1100 2751 δὴ
1124 2705 1184 2741 καὶ
1199 2703 1262 2750 πρὸ
1287 2706 1370 2738 Ven.
1418 2704 1511 2739 Idem
1532 2704 1557 2738 l.
1574 2703 1625 2738 18.
1649 2703 1759 2738 omitt.
1779 2701 1818 2740 τό
1838 2711 1917 2738 ante

373 2762 475 2806 σῶμα
497 2760 616 2808 ἐλάμβ.
641 2781 686 2789 -
730 2762 753 2798 l.
767 2763 822 2796 20.
844 2763 939 2804 πῶς,
975 2770 1053 2796 ante
1076 2763 1221 2807 μᾶλλον,
1257 2773 1322 2795 οιιι.
1344 2762 1428 2795 Ven.
1476 2760 1568 2795 Idem
1593 2759 1693 2806 paulo
1722 2766 1802 2805 post
1829 2759 1918 2805 μετὰ

371 2820 429 2852 τοῦ
452 2818 618 2863 σώματος.
645 2838 686 2844 -
734 2819 756 2852 l.
779 2819 834 2854 22.
858 2818 897 2855 τό
920 2818 969 2864 μή
991 2820 1194 2855 πιστεῦσθαι
1211 2818 1344 2856 ἐνθάδε.
1391 2815 1445 2863 ἐφ’
1464 2815 1546 2862 ἡμῖν
1567 2814 1606 2853 td
1629 2810 1919 2861 κατορθώσασθαι

373 2875 455 2906 Ven.
469 2900 480 2918 ‚
505 2876 632 2909 omissis
655 2876 765 2910 verbis
787 2875 826 2912 τὸ
846 2878 1027 2912 πιστεῦσαι
1049 2890 1080 2912 κ.
1100 2889 1131 2912 κ.
1154 2889 1184 2911 τ.
1206 2884 1240 2921 μ..
1260 2889 1311 2922 π.,
1333 2872 1388 2921 ἐφ’
1407 2873 1499 2920 ἡμῖν.
1546 2875 1584 2907 In
1605 2872 1724 2906 eodem
1744 2873 1831 2908 libro
1851 2874 1916 2908 de-

373 2937 449 2962 sunt
476 2932 576 2964 etiam
594 2933 694 2966 verba
719 2932 778 2968 καὶ
802 2931 1081 2978 ἆμαρτῆσασθαι.
1105 2952 1151 2959 -
1195 2933 1218 2967 l.
1233 2931 1288 2967 24.
1312 2930 1350 2968 τὸ
1375 2928 1504 2976 α’γαθόν
1524 2930 1664 2974 ποιῆσαι
1683 2929 1743 2966 καὶ
1760 2937 1917 2968 κακοπά-

373 2986 458 3033 ῆσαι
479 2986 528 3032 (τό
549 2988 672 3034 deest).
718 2987 822 3026 Ἀλλὰ
843 2992 904 3026 καὶ
924 2992 1009 3025 Ven.
1036 3010 1078 3017 —
1124 2990 1148 3025 l.
1166 2989 1189 3025 3
1210 2990 1253 3025 ab
1273 2989 1335 3022 inf.
1358 2985 1566 3026 κατάπαυσιν
1587 2984 1644 3024 τὸν
1662 2986 1740 3033 περὶ
1762 2989 1848 3023 Ven.
1873 3007 1910 3016 -
