2020 3276
467 217 652 254 ranam
675 218 758 250 Lis.
782 217 842 250 ιιι.
864 216 975 250 Tou.
997 216 1039 249 ιι.
1061 214 1194 248 assu.
1214 213 1364 247 Lxxx.
1606 202 1689 244 463

143 300 270 353 anit,
301 314 352 342 ue
372 300 415 342 iu
436 299 616 355 laqueum
639 296 808 348 incidat,
852 308 1000 351 poenas
1020 295 1090 336 luit
1113 294 1161 335 ad
1186 301 1336 350 tempus
1351 325 1362 345 ,
1406 292 1475 335 sed
1499 292 1538 333 iu
1562 298 1690 333 aeter-

143 383 238 414 nn-
270 375 434 425 regnan
479 367 519 409 in
549 378 750 408 carcerem
786 363 1017 414 coniicitur,
1060 364 1129 404 sed
1165 362 1284 404 multo
1320 361 1529 418 optabilius
1563 359 1689 402 estin

143 436 324 481 ouidi·
345 449 530 486 manere,
561 440 603 477 et
621 436 661 474 in
682 435 827 486 ungulo
843 433 914 472 sub
936 434 1018 479 dab,
1052 446 1161 484 quam
1182 445 1264 470 cum
1284 432 1440 470 muliere
1457 431 1689 470 contenu'oea
1706 437 1797 466 Prov.
1808 437 1895 471 ²1.s.

143 514 185 550 d
214 507 379 560 loquaci.
456 501 584 558 Quam
623 501 744 543 multa
774 515 892 556 porro
922 501 1115 541 adversus
1147 498 1252 540 illam
1288 498 1468 540 haeresin
1503 497 1691 554 disputari

145 574 342 632 patent?
397 571 503 615 Nam
537 577 603 612 aut
624 568 792 612 Mariam
828 569 949 624 ipsam
985 568 1197 608 adorantes
1222 567 1447 623 collyridem
1482 565 1571 607 huic
1593 565 1693 607 otio-

144 656 219 687 ..ο
241 641 427 685 mulieres
451 640 648 689 offerunt,
689 645 753 679 aut
781 651 851 693 pro
872 636 955 693 ipsa
980 635 1187 677 absurdam
1210 634 1312 676 illam
1336 642 1375 676 et
1400 634 1600 676 ridiculam
1625 633 1694 676 ob-

144 709 332 755 lationem
353 709 576 751 instituunt.
638 704 854 761 Utrumque
874 719 971 747 vero
994 703 1176 746 stolidum
1200 710 1283 754 cst,
1317 710 1357 744 et
1378 718 1400 744 a
1425 703 1579 745 ratione
1603 716 1693 759 pro-

147 779 319 830 nem,
351 776 523 832 nihilque
554 781 712 832 praeter
739 774 1044 816 ostentationem
1076 772 1327 827 fraudemque
1357 771 1548 813 continet.

207 879 210 881 Α
260 844 327 890 Ne
358 845 432 888 sim
469 843 646 900 longior,
689 856 790 898 qnae
819 849 911 883 sunt
942 841 1131 882 hactenus
1162 841 1265 881 dicta
1294 840 1502 881 sufficient.
1562 837 1692 881 Maria

148 917 191 960 iu
208 914 363 958 honore
385 914 461 964 sit,
507 911 687 954 domiuus
715 912 915 953 adoretur.
977 907 1082 951 Nam
1109 909 1201 950 iusti
1231 908 1378 950 nemini
1406 908 1554 949 erroris
1581 922 1694 950 occa·

147 984 302 1028 aione·
324 981 526 1040 praebent.
586 984 689 1022 Deus
716 983 813 1021 enain
832 993 950 1032 neque
982 979 1092 1018 malis
1124 985 1312 1026 tentatur,
1358 991 1430 1018 nec
1453 977 1568 1018 ullam
1592 977 1691 1032 ipse,
1766 987 1804 1007 ο·

151 1052 215 1096 vel
244 1051 333 1095 cina
361 1050 468 1093 servi
502 1047 835 1091 circumveniendi
869 1060 1009 1088 caussa
1043 1053 1211 1088 tentant.
1277 1048 1536 1099 Unusquisque
1559 1060 1646 1085 vero
1671 1060 1694 1085 a

144 1123 307 1176 m
326 1120 629 1171 οοκοιφὺοειιεία
650 1124 818 1157 tentatur
835 1116 1066 1163 abstructus,
1099 1122 1138 1155 et
1160 1116 1310 1154 illectus
1322 1131 1335 1154 .·
1366 1116 1500 1154 deinde
1521 1117 1696 1166 concupi—

148 1191 295 1231 scentia
311 1194 508 1242 peccam
526 1189 658 1239 parav.-
684 1192 880 1239 peccatum
903 1198 1012 1232 vero,
1045 1198 1127 1224 cum
1148 1191 1441 1224 consummatum
1464 1184 1598 1235 [πενίῃ
1628 1197 1697 1235 ge-

149 1265 264 1301 me
288 1263 458 1298 aarum.

267 1323 533 1380 Quamobrem
568 1336 656 1365 cum
688 1321 885 1377 hucusque
918 1319 1017 1362 satis
1047 1320 1095 1361 de
1127 1319 1176 1362 iis
1206 1318 1386 1361 omnihus
1418 1319 1653 1376 disputatum
1677 1335 1699 1361 a

153 1393 268 1438 nobis
303 1392 560 1443 arbitremur,
602 1397 855 1447 posteaquam
886 1387 1181 1439 cantharidem,
1226 1396 1267 1429 ut
1302 1388 1355 1429 ita
1388 1388 1539 1439 dicam,
1584 1390 1698 1430 istam

153 1461 288 1505 colore
313 1461 441 1512 fulvo,
483 1459 554 1501 alis
586 1459 800 1515 praeditam
826 1473 872 1499 ae
897 1457 1118 1507 volantem,
1165 1456 1235 1498 sed
1265 1457 1499 1498 virulentam
1524 1457 1701 1512 inprimis

152 1545 202 1573 ac
222 1529 364 1574 letiferi
389 1527 534 1570 veneni
559 1527 737 1584 plenam,
768 1526 949 1568 veritatis
974 1526 1153 1566 oratione
1178 1524 1432 1581 protriviinus
1447 1557 1459 1576 ,
1492 1525 1540 1566 ad
1565 1525 1698 1575 aliam,

152 1611 254 1656 quae
277 1611 354 1641 nna
387 1602 660 1655 postremaque
682 1601 886 1651 superest,
930 1602 1200 1645 transeamus,
1246 1594 1361 1635 deum
1387 1593 1565 1650 inprimis
1591 1593 1701 1634 ohte-

151 1672 306 1710 mutes
334 1672 377 1708 ut
404 1671 445 1707 et
467 1664 515 1706 ad
548 1663 729 1705 veritatis
761 1663 1027 1705 consectanda
1048 1661 1214 1718 vestigia
1245 1669 1285 1703 et
1307 1662 1355 1702 ad
1382 1661 1619 1703 contrariam
1645 1662 1701 1702 ia·

154 1734 326 1780 ctionem
357 1732 512 1790 penitus
541 1731 799 1774 amoliendam
830 1745 940 1773 suam
970 1730 1085 1772 uobis
1115 1744 1227 1786 opem
1258 1729 1472 1786 impertiat.

479 1926 778 1978 CONTRA
829 1924 1398 1986 MASSALIANOS‚

159 2007 320 2072 quibus
351 2007 563 2057 accedunt
595 2007 862 2068 Martyriani
896 2022 919 2054 e
958 2006 1204 2056 Gentilium
1238 2022 1450 2067 numero,
1498 2022 1579 2055 uec
1614 2021 1706 2055 nou

277 2091 324 2136 et
356 2085 647 2152 Euphemitae
695 2091 740 2136 et
774 2086 1021 2136 Sataniani.
1101 2086 1317 2136 Haeresis
1350 2085 1586 2147 LXVIII„

773 2166 871 2218 sive
902 2166 1094 2217 Lxxx.

274 2265 363 2310 Nec
398 2266 635 2323 impudentia
667 2268 824 2320 satiari,
872 2282 945 2310 uec
979 2269 1133 2324 expleri
1168 2268 1331 2311 stultitia
1365 2275 1516 2324 potest,
1562 2268 1632 2310 sed
1663 2268 1702 2309 in

161 2337 293 2381 omnia
329 2335 606 2391 cogitationem
638 2342 677 2377 et
707 2335 877 2378 animum
908 2337 1074 2378 intendit
1098 2350 1235 2388 suum,
1277 2350 1323 2378 ae
1352 2336 1460 2378 velut
1486 2335 1608 2378 hianti
1636 2349 1706 2378 ore

161 2405 204 2450 iu
226 2404 265 2448 id
289 2404 475 2447 incumbit
503 2410 544 2446 ut
569 2403 710 2446 Adami
737 2402 958 2460 Noemique
990 2403 1151 2461 stirpem
1184 2404 1419 2456 labefactet,
1462 2405 1551 2446 dum
1578 2411 1618 2446 et
1638 2419 1706 2461 pu·

163 2473 298 2517 dorem
321 2488 367 2516 ac
390 2472 611 2530 pudicitiam
640 2472 762 2514 variis
793 2472 917 2514 modis
943 2473 1205 2524 exterminat,
1248 2480 1287 2514 et
1308 2471 1571 2514 meretriciam
1596 2473 1707 2513 indo·

162 2541 240 2586 lem
262 2541 301 2584 in
322 2542 371 2584 iis
393 2555 491 2597 quos
513 2541 667 2583 laedere
690 2539 915 2596 aggreditur
937 2554 1014 2582 nou
1033 2554 1109 2582 uua
1133 2542 1286 2582 ratione
1305 2540 1548 2582 disseminat.
1612 2539 1707 2583 Ete-

164 2610 244 2654 nim
267 2617 355 2668 post
375 2609 602 2667 superiores
631 2607 719 2650 illas
748 2608 934 2650 haereses
965 2607 1106 2650 stolida
1131 2609 1317 2664 quaedam
1341 2622 1388 2650 ae
1409 2608 1594 2650 vecordia
1626 2608 1707 2665 ple·

165 2678 326 2723 uiasima
350 2677 424 2720 alin
453 2677 565 2719 nobis
588 2676 774 2727 emersit,
819 2675 981 2718 ridicula
1004 2675 1069 2718 illa
1095 2677 1273 2732 quidem,
1306 2689 1379 2718 nec
1400 2676 1479 2719 ullo
1504 2676 1619 2718 modo
1643 2690 1709 2718 eo·

167 2746 334 2790 haereas
353 2760 377 2789 e
398 2746 495 2788 viris
519 2746 664 2802 pariter
686 2752 725 2786 et
750 2743 969 2786 infelicibus
990 2744 1228 2786 mulierculis
1258 2745 1440 2786 conflata.
1503 2742 1709 2787 Massalia-

168 2829 240 2858 uos
267 2814 354 2857 illos
389 2821 557 2867 vocant,
600 2828 700 2870 quae
732 2827 810 2854 vox
837 2810 1012 2854 Orantes
1045 2810 1254 2867 significat.
1318 2811 1368 2854 lli
1393 2812 1538 2869 aliquot
1567 2812 1708 2856 abhinc

167 2883 281 2926 annis
312 2883 467 2940 prodire
502 2890 738 2938 coeperunt,
783 2880 855 2923 sub
883 2878 1109 2922 Constantii
1142 2881 1224 2921 tere
1259 2880 1508 2937 imperatoris
1538 2888 1704 2938 tempus.

215 2962 327 2996 Cant.
342 2980 383 2988 —
411 2965 437 2997 t.
455 2962 515 2998 καὶ
529 2972 589 2996 non
601 2963 691 2995 hebet
702 2963 770 2995 eod.
784 2961 911 3002 lineata.
958 2961 1006 2992 brt
1028 2960 1158 2999 hubent,-
1189 2962 1264 3001 peri
1283 2962 1351 2993 ture
1367 2963 1463 3002 possit
1483 2963 1577 2995 enan
1597 2960 1709 3005 φύσα·

213 3008 245 3043 2.
270 3006 330 3043 καὶ
352 3017 414 3042 non
434 3010 573 3050 canescit
596 3008 660 3040 cod.
689 3007 816 3047 media.
964 3015 1027 3044 σα,
1052 3006 1092 3047 e(-
1117 3006 1212 3047 Epist.
1236 3006 1280 3038 ud
1300 3009 1390 3039 Acuc-
1412 3011 1440 3041 ee
1458 3007 1543 3041 buu.
1565 3006 1629 3048 73,
1651 3006 1709 3042 37.

214 3053 248 3089 3.
273 3051 407 3089 Φυιῖσα
428 3055 539 3096 minut
557 3063 616 3095 pro
637 3051 745 3097 φασὶ,
779 3052 861 3093 quod
880 3053 918 3085 u·
964 3052 1113 3085 Petaurus
1135 3048 1238 3095 φύσει
1258 3053 1393 3086 coniecit.

1755 1014 1782 1050 ι,
1800 1014 1841 1041 12.
