2020 3276
0 317 12 338 Ι

507 243 686 278 rmum
710 244 791 278 me.
812 245 870 277 111.
891 244 1001 277 τοΜ.
1017 245 1057 276 ιι.
1083 243 1213 276 men.
1232 242 1394 276 cxxix.
1630 231 1713 273 459

173 321 292 369 bina
313 323 494 380 promissi
520 323 594 366 fide
612 323 916 375 corroboraret,
958 324 1059 379 quod
1085 324 1208 379 ipsum
1235 330 1364 365 tamen
1396 321 1519 364 fraudi
1549 320 1715 363 nonnul-

166 389 218 436 Β·
239 391 327 435 ruit.
388 390 510 448 Atqui
537 391 620 434 fieri
643 406 721 433 uon
743 398 872 447 potest
901 398 944 433 ut
964 391 1028 447 qui
1050 400 1206 447 praeter
1237 405 1481 433 communem
1516 388 1711 431 bominum

168 466 348 503 utum
377 467 565 503 nascatur
586 460 627 502 iu
655 459 789 502 terris.
850 457 929 502 Uni
957 460 1030 501 boc
1056 460 1317 501 conveniebat
1347 459 1427 511 ittig
1472 459 1536 500 uni
1572 465 1712 500 natura

168 527 304 571 cussit.
364 526 464 580 flio,
495 529 675 585 inquam,
707 528 813 570 velut
835 527 981 570 artifex
1002 542 1050 569 ac
1073 528 1275 579 domiuus,
1308 527 1558 584 semetipsum
1584 540 1607 568 e
1633 526 1712 568 vir-

168 595 262 654 9⁸⁸0
298 603 479 654 tanquam
505 611 528 639 e
554 604 663 639 terra
701 597 906 648 formavit,
949 597 1045 639 deus
1065 610 1087 637 e
1109 596 1221 638 coelo
1249 596 1516 647 descendeus,
1549 594 1711 637 verbum

169 664 326 722 virgine
342 672 568 722 susceptum
594 679 736 722 corpus
757 664 948 717 indueus,
991 679 1069 706 non
1098 665 1187 706 ideo
1212 672 1341 706 tamen
1366 672 1408 706 ut
1430 664 1524 705 haec
1556 663 1712 705 adorari

168 733 334 787 debeat,
373 741 443 775 aut
463 741 504 775 ut
526 747 613 776 eam
645 733 814 776 divinam
839 733 887 775 ad
913 740 1089 775 naturam
1116 733 1456 788 conditionemque
1483 732 1710 783 transferat,

167 814 296 859 aeque
317 809 362 844 ut
381 802 614 844 sacrificium
634 802 740 844 illius
761 802 800 844 iu
820 816 963 843 uomen
985 802 1191 852 offeratur,
1225 815 1352 857 neque
1373 808 1483 842 tanto
1506 800 1712 842 intervasso

166 869 354 913 mlieres
387 871 616 913 sacerdotes
648 870 918 913 instituantur.
980 869 1067 912 Hoc
1101 884 1149 911 ue
1177 870 1216 911 in
1245 867 1405 912 salome
1440 869 1594 925 quidem
1627 869 1710 911 fleri

168 938 294 982 votuit
321 939 445 990 deus,
493 954 566 981 uec
597 939 637 980 in
667 937 813 981 Maria.
882 937 976 981 Non
1010 938 1048 980 ei
1080 938 1303 994 baptizandi
1340 944 1571 994 potestatem
1604 938 1711 988 fecit,

168 1021 247 1051 tto·
269 1007 470 1064 discipulis
493 1007 751 1060 benedicere,
785 1022 862 1049 uon
882 1008 920 1049 in
942 1007 1062 1049 terris
1083 1021 1269 1063 praeesse
1293 1006 1512 1058 mandavit,
1544 1006 1612 1047 sed
1638 1005 1711 1047 hoc

168 1090 288 1119 uuum
319 1076 446 1118 votuit
473 1083 515 1117 ιιι
535 1082 712 1119 sanctum
738 1076 827 1132 quid
851 1083 892 1117 et
913 1083 1187 1118 consecratum
1212 1082 1343 1125 esset,
1387 1089 1432 1116 ac
1455 1075 1628 1116 coeteste
1652 1088 1714 1115 re-

166 1158 287 1201 guu-
312 1144 612 1201 adipisceretur.
673 1142 754 1187 Sed
788 1144 938 1186 necilli
968 1158 1068 1200 qnae
1097 1143 1186 1186 Rufi
1219 1151 1344 1185 mater
1374 1144 1591 1200 appellatur
1625 1157 1713 1185 eum

172 1212 335 1255 boooris
354 1212 516 1269 gradum
542 1213 702 1267 detulit,
747 1226 874 1268 neque
903 1211 1131 1254 mutieribus
1157 1211 1267 1264 aliis,
1310 1227 1406 1266 quae
1423 1228 1443 1252 e
1465 1214 1635 1253 Galilaea
1655 1217 1794 1252 ,re-burn
1812 1217 1858 1252 Β,
1874 1217 1918 1245 ⁵⁵·

167 1289 279 1323 eneae
304 1283 482 1336 suet-arn,
523 1295 650 1338 neque
677 1280 861 1324 Marthae
896 1279 1043 1323 Lazari
1075 1295 1122 1322 ac
1151 1279 1305 1322 Mariae
1338 1280 1494 1332 sorori,
1538 1295 1615 1322 nou
1650 1280 1715 1322 ulti

167 1349 337 1406 donique
353 1358 595 1402 sanctarum,
627 1365 726 1406 quae
745 1350 909 1392 salutem
928 1350 1032 1391 iltius
1052 1350 1223 1391 adventu
1248 1357 1563 1406 promeruerunt,
1597 1363 1716 1405 quae-

167 1431 245 1474 que
266 1417 340 1475 ipsi
368 1418 416 1460 de
437 1418 520 1461 suis
543 1419 709 1461 fortunis
742 1418 967 1461 necessaria
993 1417 1356 1460 subministrabant.
1416 1416 1560 1475 Neque
1595 1432 1712 1474 porro
1759 1422 1871 1486 ⁸¹2⁸ssss

168 1482 434 1529 Cbaaanaeae
458 1487 636 1539 mulieri,
668 1488 731 1529 ve!
754 1488 790 1529 ei
815 1501 930 1543 qnam
956 1486 1162 1542 sanguinis
1186 1486 1377 1543 profluvio
1405 1487 1616 1537 liberarat,
1650 1487 1713 1529 vel
1766 1478 1873 1520 latit-8·

167 1553 285 1597 alicui
319 1555 478 1597 omniuo
513 1555 551 1597 in
585 1556 702 1598 terris
737 1556 906 1597 feminae
938 1555 1164 1611 dignitatem
1203 1555 1307 1596 illam
1339 1555 1530 1596 attribuit.
1603 1552 1715 1610 Quae

166 1636 255 1666 cun
284 1622 341 1666 ita
360 1622 465 1675 siut,
507 1624 610 1666 uude
642 1624 755 1666 nobis
774 1624 894 1666 draco
919 1623 994 1666 iste
1017 1623 1200 1664 volubilis
1230 1621 1419 1664 emersit?
1460 1638 1530 1666 cur
1560 1623 1715 1679 obliqua

166 1690 384 1748 callidaque
405 1691 570 1734 consilia
593 1694 862 1734 renovantur?
923 1691 1152 1734 Houoretur
1170 1706 1266 1734 sane
1284 1690 1438 1743 Maria,
1471 1699 1584 1749 pater
1601 1707 1712 1744 vero,

166 1759 269 1803 flius
298 1766 340 1802 et
369 1760 724 1817 spiritus,sauctus
760 1761 998 1811 adorentur,
1045 1758 1217 1802 Mariam
1252 1762 1418 1802 adorare
1452 1775 1568 1803 nemo
1603 1761 1713 1803 velit.

166 1825 262 1870 Non
292 1828 397 1870 euim
430 1829 608 1881 mulieri,
654 1844 703 1871 ac
725 1843 774 1872 ne
802 1830 888 1870 viro
912 1829 1092 1885 quidem,
1136 1829 1205 1870 sed
1231 1829 1296 1870 uni
1320 1829 1393 1870 deo
1420 1829 1647 1886 mysterium
1670 1829 1716 1871 it-

168 1894 232 1937 lud
264 1895 468 1953 cultusque
499 1897 705 1950 tribuitur3
747 1899 847 1940 adeo
873 1906 914 1940 ut
939 1912 1013 1939 nec
1035 1897 1166 1953 angeli
1196 1897 1270 1954 ipsi
1295 1904 1404 1939 tauto
1435 1897 1573 1939 honori
1601 1911 1714 1953 pares

168 1975 259 2006 esse
286 1963 509 2007 videantur.
585 1965 803 2009 Deleantur
840 1967 994 2022 itaque,
1041 1980 1139 2021 quae
1172 1967 1211 2007 in
1248 1966 1480 2008 miserorum
1516 1966 1713 2008 hominum

167 2029 352 2074 cordibus
370 2033 473 2075 male
494 2040 588 2076 sunt
606 2034 808 2091 iuscripta.
871 2033 1141 2090 Extinguatur
1164 2035 1319 2091 penitus
1342 2035 1467 2077 matus
1494 2035 1560 2077 ine
1586 2036 1714 2077 foetus

167 2099 216 2142 ad
238 2099 436 2142 infelicem
459 2101 639 2144 arborem
668 2110 896 2160 conceptus.
959 2100 1228 2146 Convertatur
1250 2117 1347 2159 opus
1370 2103 1493 2160 ipsum
1522 2105 1568 2146 ad
1594 2105 1716 2146 domi-

168 2181 260 2210 uum
281 2168 602 2225 conditoremque
628 2184 756 2212 suum.
819 2169 944 2213 Evam
966 2186 1051 2213 cum
1077 2171 1230 2213 Adamo
1254 2172 1420 2227 coniuge
1446 2175 1492 2215 ad
1517 2174 1629 2214 deum
1651 2187 1716 2214 so-

167 2235 245 2279 Ιιιιι
269 2237 536 2279 venerandum
563 2238 686 2294 pudor
709 2239 862 2281 taudem
886 2240 1095 2295 aliquando
1118 2241 1348 2296 compellat3
1393 2255 1492 2283 neve
1518 2242 1714 2298 serpentis

166 2318 250 2347 vox
270 2303 374 2347 iilam
405 2305 572 2361 decipiat
586 2337 598 2357 ‚
630 2306 700 2348 sed
725 2308 764 2348 in
792 2307 853 2349 dei
876 2309 1058 2350 mandato
1085 2307 1293 2364 persistat,
1327 2313 1383 2350 De
1402 2312 1507 2362 ligno
1528 2325 1575 2350 ne
1596 2324 1715 2350 comeb
1734 2317 1812 2345 Geu-
1830 2316 1858 2352 ⁸.
1875 2317 1901 2345 ¹·

165 2374 249 2414 du.
314 2370 563 2429 Quamquam
596 2373 636 2415 iu
658 2374 801 2417 arbore
823 2375 907 2432 ipsa
927 2390 1170 2432 nequaquam
1196 2391 1310 2419 error
1332 2378 1427 2429 fuit,
1469 2378 1537 2420 sed
1563 2391 1633 2434 per
1652 2391 1716 2419 ar-

165 2439 303 2483 borem
330 2442 602 2484 contumaciae
630 2456 746 2484 error
770 2443 963 2486 admissus
989 2451 1065 2486 est.
1126 2443 1297 2487 Perinde
1322 2446 1442 2502 igitur
1463 2460 1579 2488 nemo
1603 2460 1713 2487 erro-

166 2521 249 2551 rem
275 2508 382 2551 illum
407 2510 588 2566 degustet
618 2510 682 2567 qui
706 2509 860 2553 Mariae
882 2512 1092 2555 occasione
1114 2514 1304 2555 conflatus
1332 2521 1408 2556 est.
1469 2513 1584 2556 Licet
1610 2513 1712 2556 euim

167 2576 428 2634 pulcherrima
474 2578 594 2620 arbor
633 2585 766 2630 esset,
814 2593 892 2621 uon
933 2586 1064 2622 tamen
1105 2581 1153 2623 ad
1190 2581 1317 2624 cibum
1353 2582 1581 2624 constituta.
1655 2580 1712 2624 lta

165 2645 343 2701 quamvis
365 2644 494 2688 Maria
518 2647 580 2688 vel
606 2647 748 2703 optima
773 2647 914 2699 suerit,
961 2661 1007 2689 ac
1025 2656 1187 2701 sancta,
1230 2657 1269 2691 et
1295 2651 1444 2693 bonore
1466 2650 1710 2706 dignissima,

168 2726 248 2756 nou
278 2714 426 2756 idcirco
457 2722 588 2757 tamen
619 2715 847 2757 adoratione
879 2717 1166 2772 prosequenda.

279 2780 546 2837 Quamobrem
570 2784 683 2825 huius
706 2790 840 2825 sectae
867 2783 1052 2825 mulieres
1078 2785 1167 2826 illud
1193 2786 1320 2828 denuo
1344 2786 1584 2829 offerendum
1613 2785 1711 2829 For·
1727 2799 1919 2844 cap.vl¹1.

166 2854 285 2892 tunae
304 2850 483 2905 poculum
505 2852 741 2903 instaurant,
775 2866 820 2893 ac
842 2852 1037 2903 daemoni,
1071 2867 1148 2895 non
1171 2854 1269 2904 deo,
1302 2867 1476 2897 mensam
1496 2855 1709 2909 instruunt,

166 2983 271 3040 ›tut-ri
295 2984 507 3043 vanfoe
525 2987 713 3043 πᾳρθένος,
739 2986 787 3043 93<
807 2985 922 3044 μήτῃρ
968 2992 1027 3029 διε
1044 2989 1179 3045 κυρίου,
1205 2991 1315 3046 πολλῷ
1341 2993 1463 3035 μᾶλλον
1490 2990 1551 3037 τήν
1571 2991 1629 3029 τὸν
1652 2991 1712 3029 κὺ-

167 3030 248 3085 ’seu
268 3030 327 3066 καὶ
348 3043 411 3078 cuj„
432 3045 481 3088 ως
504 3037 609 3091 ξιοςῖ
644 3034 688 3069 Εἰ
707 3045 771 3077 γαρ
792 3032 840 3071 εἰς
860 3044 917 3086 το)
965 3046 1030 3079 pto-o
1052 3047 1183 3071 παντων
1206 3037 1451 3084 γεννησασανψ.

166 3086 265 3112 romu
296 3087 539 3123 προαυνουμιν
570 3090 607 3115 ου
637 3077 782 3123 ἔστησαν
805 3078 836 3114 οἱ
857 3090 916 3115 πο-
