1976 3262
450 192 631 228 PANAtttt
655 192 740 226 Lm.
759 192 818 225 lll.
844 191 953 226 ToM.
973 192 997 225 Ι.
1021 190 1157 225 HAER.
1172 189 1318 224 Lxxn.
1596 179 1650 222 63

104 273 377 323 mur-bun,
422 271 500 315 mio
522 285 640 328 porro
667 270 729 313 dei
757 271 821 312 vel
853 270 1010 312 nomine
1041 278 1180 322 tenus,
1222 269 1284 312 vel
1306 268 1431 312 solum
1457 266 1650 310 homiuem

104 340 304 400 appellen
350 347 394 383 ut
417 340 562 383 diversi
587 354 609 381 a
634 352 679 381 se
701 338 859 396 generis
885 338 1002 379 lilium
1027 339 1215 394 producat
1237 339 1358 389 deus,
1403 335 1546 392 quique
1569 335 1652 377 sola

103 409 159 455 sit.
173 409 383 466 adoptione
404 408 540 461 filius3-
562 407 785 450 cuiusmodi
808 406 846 448 iu
869 405 945 447 illis
969 406 1065 447 loeis
1088 407 1342 462 exprimitur,
1376 407 1493 446 Filias
1511 406 1644 457 genui,
1666 411 1749 475 {2⁸¹2
1768 411 1795 473 ἔ,
1812 413 1846 474 ᾗ,

105 485 145 519 et
161 479 352 527 exaltavi,
387 477 478 519 item
491 508 503 528 ‚
535 478 749 529 Aee-epum
773 477 948 528 ‘pti-itum
976 477 1207 528 adoptiom's,
1253 474 1368 522 item,
1408 474 1563 528 Afferte
1583 474 1649 513 do-
1662 467 1855 515 ratidai

105 548 230 597 mehe,
250 546 341 600 filii
358 548 432 586 dei.
496 542 596 587 Cum
626 543 745 600 igitur
767 542 954 585 Asterius
979 542 1096 584 lilium
1118 549 1302 597 pateruae
1323 542 1543 594 esseutiae,
1575 540 1654 583 vir-

105 613 226 668 tutis,
270 613 448 665 consilii,
491 612 718 668 gloriaeque
747 611 851 652 nulla
889 624 931 652 re
959 610 1153 652 diversam
1187 609 1393 664 imaginem
1432 623 1520 652 esse
1541 610 1651 661 velit,

105 695 272 725 necesse
291 689 353 724 est
377 688 417 724 ut
439 687 648 738 paternas,
682 679 849 721 velutin
878 679 979 731 filio,
1013 685 1127 720 notas
1154 692 1199 719 ac
1226 678 1370 732 figuras
1398 678 1527 719 inesse
1556 677 1653 720 iudi-

105 748 302 802 envoi-its
325 762 449 806 eaque
481 763 582 805 quae
607 749 655 790 de
680 754 790 804 patre
822 747 952 789 auimo
975 746 1249 803 concipiuntur
1277 746 1316 787 in
1343 746 1420 787 lilio
1446 760 1652 802 expressa,

105 818 170 863 vel
188 817 226 860 ei
250 831 468 870 concessa,
514 831 613 873 qnae
649 831 725 858 non
757 816 836 858 sint
867 815 916 858 ab
942 815 1026 871 ipso
1055 821 1165 871 patre
1192 814 1365 856 diversa.
1426 813 1535 869 Ergo
1560 815 1655 856 baec

104 899 207 944 quo
235 884 394 930 dixerat
425 885 554 928 omnia
581 899 670 927 esse
703 884 786 926 vult
807 884 942 926 filium.
1003 882 1097 925 Non
1124 883 1228 925 enim
1253 882 1358 924 velut
1389 882 1653 925 adumbratam

105 953 304 1003 wbfibtm
332 954 541 1011 imaginem
573 953 782 1009 cogitavit,
829 966 956 1009 neque
990 952 1144 994 tertium
1177 951 1364 1006 pictorem
1396 951 1572 1004 invexit,
1615 961 1656 994 ut,

105 1022 367 1080 discrepantis
389 1037 411 1065 a
438 1030 547 1079 patre
570 1022 635 1064 filii
660 1022 715 1063 sic
743 1031 925 1077 tanquam
959 1019 1156 1062 coloribus
1180 1019 1387 1076 qualitates
1410 1020 1499 1062 alibi
1522 1022 1655 1076 expri-

106 1098 259 1144 meret,
301 1089 417 1147 idque
449 1090 571 1147 ipsum
603 1090 817 1147 appellaret
846 1089 979 1130 filium.
1043 1087 1129 1130 Hoc
1161 1089 1264 1130 enim
1296 1095 1335 1130 tu
1358 1088 1443 1131 sive
1467 1091 1652 1145 prudenS,

105 1159 191 1202 sive
211 1159 435 1216 imprudens
457 1157 628 1211 asseris,
674 1173 760 1200 cum
783 1157 836 1199 ita
859 1157 1046 1214 loqueris.
1102 1157 1222 1213 lgitur
1244 1157 1277 1199 si
1305 1158 1502 1199 essentiae
1525 1158 1653 1214 imago

108 1233 194 1278 est,
235 1226 408 1269 essentia
429 1226 513 1283 ipsa
534 1229 624 1268 esse
652 1240 729 1268 non
753 1233 906 1283 potest,
940 1239 1066 1281 neque
1089 1226 1316 1278 consilium,
1349 1226 1382 1267 si
1407 1226 1537 1282 imago
1563 1241 1655 1268 con-

108 1294 185 1338 n'lii
207 1301 284 1338 est.
344 1293 496 1337 Nostra
516 1309 614 1337 vero
634 1294 848 1347 sententia,
881 1295 913 1336 si
933 1294 1131 1336 essentiae
1156 1294 1246 1336 viva
1268 1294 1321 1336 sit
1340 1294 1487 1350 imago,
1520 1309 1655 1337 esseu-

106 1362 161 1407 tin
179 1363 266 1421 ipsu
291 1375 381 1406 esse
415 1370 568 1420 potest,
612 1370 749 1419 estque
773 1377 928 1405 revera.
991 1364 1122 1419 Atque
1147 1363 1199 1405 ita
1225 1362 1423 1405 esseutiae
1447 1363 1654 1419 imaginem

104 1443 198 1476 esse
218 1431 474 1483 eonfitemur,
508 1432 554 1473 ad
580 1438 760 1473 exactam
785 1431 889 1473 vitae
916 1439 955 1473 et
977 1430 1146 1474 actionis
1172 1431 1464 1473 similitudinem
1492 1445 1655 1488 expres-

105 1512 207 1544 sum.
269 1497 419 1543 Eodem
449 1500 564 1541 modo
592 1507 632 1541 et
657 1499 810 1541 consilii
834 1499 1043 1555 imaginem
1065 1500 1271 1542 consilium
1299 1500 1487 1552 facimus,
1528 1505 1758 1554 magniflui.
1776 1512 1803 1542 a.
1822 1513 1847 1539 a.

105 1569 253 1611 mwoee
285 1570 439 1610 consita·
462 1570 659 1621 angelum,
705 1581 752 1609 ac
783 1575 981 1624 postremo
1015 1568 1165 1624 gloriae
1196 1575 1236 1610 et
1261 1568 1418 1610 virtutis
1447 1569 1655 1624 imaginem

105 1635 271 1694 gloriam
293 1650 341 1679 ac
360 1636 544 1678 virtutem
570 1650 660 1678 esse
690 1636 911 1678 statuimus.
974 1635 1087 1691 Quae
1111 1637 1263 1692 quidem
1288 1637 1417 1679 omnia
1442 1637 1502 1679 his
1527 1637 1658 1679 verbis

105 1717 131 1749 t
151 1700 313 1749 Christo
337 1704 607 1747 declarantur:
640 1707 752 1746 Set-ut
762 1713 876 1758 paler
893 1706 1008 1745 habet
1029 1709 1140 1746 vitam
1163 1709 1202 1746 in
1228 1709 1370 1759 seipso,
1412 1709 1469 1746 sic
1492 1708 1595 1747 dedit
1614 1715 1652 1747 et
1668 1717 1860 1753 loann.5,²a.

95 1775 191 1828 filio
215 1777 328 1816 vim
359 1774 498 1815 habere
524 1777 563 1814 in
585 1776 728 1827 seipso.-
772 1781 836 1825 et,
869 1776 980 1814 Sicut
995 1782 1110 1827 puter
1127 1778 1289 1815 suscitat
1308 1783 1474 1815 mortuos
1495 1782 1535 1815 et
1557 1778 1649 1816 m'vz'-
1718 1758 1749 1782 ει
1766 1755 1809 1782 a

95 1842 214 1897 fluat.
277 1840 480 1885 Eiusmodi
502 1841 642 1898 quippe
668 1856 813 1894 voces,
855 1845 988 1892 Sicut,
1032 1846 1110 1892 sic,
1145 1843 1438 1885 similitudinem
1463 1844 1652 1898 quandam

106 1909 316 1968 imaginis,
346 1917 388 1952 et
417 1910 464 1952 ad
494 1910 750 1952 imitationem
781 1924 1012 1966 expressam
1044 1911 1208 1967 effigiem
1240 1912 1526 1954 demonstrant.

225 1977 381 2022 Deinde
404 1978 536 2035 paucis
556 1978 796 2030 interiectis,
829 1977 923 2021 Non
946 1980 1066 2031 enim,
1098 1980 1245 2036 inquit,
1278 1980 1450 2022 divinum
1475 1980 1654 2032 verbum,
1695 1985 1774 2029 Cap.
1795 1986 1841 2018 X.

109 2049 221 2091 lesus
239 2047 393 2090 scilicet
413 2047 533 2088 vitam
558 2054 598 2089 et
623 2047 945 2104 pulchritudinem
967 2055 1006 2090 et
1032 2049 1215 2091 decorem
1245 2049 1420 2091 tribuens
1445 2049 1548 2091 vitae
1573 2049 1655 2105 ipse

109 2128 157 2159 ao
180 2114 477 2173 pulchritudinis
498 2122 539 2157 et
557 2115 713 2158 decoris
730 2129 876 2171 expers
896 2124 972 2168 est,
1005 2117 1044 2158 in
1067 2124 1210 2169 morte,
1241 2118 1304 2160 vel
1326 2131 1375 2159 eo
1395 2124 1499 2159 statu
1520 2118 1558 2158 in
1581 2132 1657 2173 quo

108 2183 385 2228 nihilomnino
409 2184 485 2236 sit,
529 2184 786 2235 constitutus,
830 2186 898 2227 sed
930 2193 1114 2241 paternas
1146 2185 1185 2228 in
1223 2199 1268 2228 se
1296 2193 1409 2228 notas
1440 2186 1556 2228 habet
1586 2200 1657 2228 ex·

106 2264 291 2310 prestun
334 2265 411 2294 non
441 2251 549 2308 quasi
581 2252 680 2294 alter
708 2253 793 2309 ipse
824 2252 898 2305 sit,
940 2262 980 2296 et
1002 2255 1089 2296 aliis
1122 2255 1271 2310 figurae
1305 2254 1409 2296 notis
1439 2255 1654 2311 praeditus,

107 2333 247 2364 verum
281 2328 322 2363 et
342 2319 381 2362 in
394 2320 480 2362 eius
510 2320 681 2362 essentia
719 2322 896 2377 propriae
927 2322 1031 2364 illius
1066 2330 1181 2365 notae
1216 2324 1365 2379 positae
1395 2330 1512 2374 sunt,
1556 2324 1656 2365 etin

109 2388 278 2447 propriis
305 2388 408 2431 notis
432 2390 604 2430 essentia
626 2390 821 2432 consistit.
884 2388 1072 2434 Ceterum
1098 2390 1229 2447 imago
1253 2406 1339 2433 cum
1361 2391 1544 2442 alterius,
1578 2405 1655 2433 non

109 2457 253 2500 suimet
275 2456 398 2514 ipsius
422 2456 551 2512 imago
575 2455 648 2506 sit,
682 2462 723 2496 ut
749 2462 787 2496 et
810 2455 892 2511 ipse
916 2458 1074 2510 statuis,
1107 2460 1345 2516 exemplaris
1368 2460 1407 2502 in
1429 2473 1472 2502 se
1496 2460 1656 2515 figuram

109 2537 254 2582 gerens
274 2524 540 2567 diversitatem
564 2524 730 2575 indicat,
774 2524 842 2565 sed
865 2524 1055 2568 eiusmodi
1078 2527 1344 2569 diversitatem
1367 2542 1466 2583 quac
1490 2527 1589 2569 idem
1613 2541 1657 2568 ac

111 2593 324 2636 similitudo
344 2593 411 2635 sit.
471 2590 566 2634 Non
597 2592 700 2633 enim
728 2592 933 2649 suiipsius
963 2596 1144 2637 existens
1174 2595 1239 2637 ille
1272 2596 1378 2651 ipse,
1421 2596 1488 2637 sed
1527 2597 1658 2638 cuius-

112 2660 216 2718 piam
240 2660 404 2703 alterins
428 2667 488 2702 est
513 2661 641 2716 imago
663 2662 815 2716 imago,
848 2661 1029 2717 inquam,
1064 2677 1140 2705 non
1167 2663 1415 2718 aspectabilis
1440 2663 1517 2704 dei.
1581 2661 1656 2706 Pa—

111 2729 184 2772 tria
205 2727 326 2787 igitur
350 2729 480 2785 imago
505 2729 604 2771 filius
627 2737 711 2780 est,
744 2729 883 2771 vivens
911 2730 1043 2787 utique
1066 2731 1261 2783 viventis,
1309 2738 1414 2774 motu
1439 2739 1554 2789 atque
1576 2734 1655 2775 effi-

5 1923 13 1943 Α.

2 1950 12 1986 ρ

29 2915 38 2937 5
157 2886 192 2922 ‘2-
214 2886 308 2928 θεὸς.
333 2884 435 2934 [ἀλλ’]
464 2886 483 2923 ὅ
504 2886 640 2932 Ἰησοῦς
662 2890 710 2923 cd.
730 2891 860 2923 Pelavii.
907 2890 1029 2923 Nonne
1058 2890 1145 2923 enim
1168 2891 1303 2924 verbum
1327 2890 1407 2924 deu·
1428 2890 1503 2924 est?
1552 2893 1657 2926 immo

36 2955 42 2960 -
112 2933 223 2967 Helius
240 2934 371 2976 fortusse
387 2944 483 2977 quum
504 2936 562 2975 feci
580 2936 750 2977 distinaues
768 2938 861 2969 inter-
908 2936 1014 2975 lenus.
1052 2946 1249 2982 quamquam
1278 2936 1350 2981 ipse
1371 2937 1470 2971 vitum
1496 2946 1656 2983 praestet,

112 3016 125 3033 ⁹
302 2982 392 3022 stom
422 2976 476 3014 Οὐ
499 2979 564 3024 γὰρ
594 2978 612 3016 ὁ
642 2979 739 3024 λόγος
763 2978 861 3019 uteie:
909 2985 975 3015 cett.

125 3020 203 3058 MN
222 3020 243 3059 ὅ
262 3019 419 3068 Ἰησοῦς,
458 3021 476 3060 ὁ
497 3025 651 3071 παρέχων
674 3030 764 3067 σαι,
786 3028 816 3060 h.
837 3037 860 3058 e.
953 3027 982 3063 3.
1008 3025 1047 3062 τὸ
1070 3028 1137 3061 cod.
1163 3028 1292 3069 Rhodia.
