1976 3262
540 215 725 250 PANAnn
749 214 833 248 Lm.
851 215 911 247 111.
934 215 1044 248 Tou.
1063 215 1089 247 1.
1114 213 1245 247 HAER.
1266 213 1305 246 L.
1647 202 1698 242 13

134 295 213 340 -flh
236 296 445 339 musici-t.
506 293 588 338 Sed
622 295 755 336 inesse
782 293 937 349 quidem
965 294 1002 334 in
1030 293 1186 335 bomine
1210 292 1371 334 omnino
1399 290 1597 332 fatendum
1618 296 1696 340 est,

0 388 2 398 =
134 368 200 407 ms
218 363 392 410 divinum
411 364 643 410 beneficium
654 362 841 405 tollamus
862 374 885 403 e
902 361 1046 411 medio,
1075 375 1120 402 ac
1140 360 1201 401 dei
1221 359 1447 402 auctoritati
1466 358 1695 400 diffidamus.

0 403 11 472 i
134 428 436 488 {Quaecumque
464 432 568 474 enim
600 430 664 472 ille
697 429 813 479 dicit,
861 429 975 484 plane
1008 442 1103 469 vera
1140 436 1253 478 sunt,
1297 427 1451 469 tametsi
1487 426 1698 468 nonnullae

0 473 10 551 i
131 499 372 543 »umanum
394 499 475 541 sint
501 512 603 555 quae
624 498 751 539 aciem
780 504 940 538 nostrae
971 496 1114 536 mentis
1138 496 1343 550 effugiant.
1407 493 1606 549 Quocirca
1630 506 1699 535 ne-

143 580 245 623 pte
265 567 428 610 omnino
451 568 500 608 ad
523 566 733 620 imaginem
755 565 817 607 dei
842 578 1076 620 expressum
1103 564 1322 615 bominem,
1366 577 1388 604 a
1413 563 1487 604 fide
1507 560 1699 603 catholica

135 637 190 678 »οἱ
211 634 381 680 coeletis
402 635 466 676 dei
488 633 657 676 alienum
681 640 760 675 est.
819 630 1022 687 Siquidem
1047 631 1226 672 homines
1245 645 1383 671 omnes
1405 631 1451 671 ad
1477 629 1583 671 illius
1606 629 1700 670 ima-

142 702 279 760 ῥεια·
298 703 443 745 conditi
459 709 552 744 sunt
573 715 646 743 nee
669 701 773 742 nllus
793 701 857 756 qui
880 699 1034 755 quidem
1059 698 1098 740 in
1122 699 1235 739 deum
1259 706 1392 753 speret
1413 697 1575 739 inficiari
1599 697 1699 738 istud

146 777 300 827 ”Mla
339 771 416 813 nisi
440 770 476 812 si
505 770 570 825 qui
594 770 696 810 l'orte
721 768 803 810 sint
830 767 895 823 qui
922 767 997 808 sibi
1021 766 1172 808 fabulas
1197 767 1445 820 confingant,
1489 772 1528 806 et
1550 772 1627 805 tam
1651 763 1700 805 ab

140 838 456 894 ¹ottulesiaquam
482 838 532 880 ab
555 851 603 879 ea
627 835 805 878 doctrina
829 835 911 876 sint
931 834 1110 886 exclusi,
1142 847 1242 888 quae
1269 848 1292 875 a
1316 833 1527 875 maioribus
1553 831 1700 873 nostris

136 906 514 964 emptopktarum,
545 905 662 961 legis,
694 903 960 961 apostolorum
976 909 1018 944 et
1033 901 1366 957 evangelistarum
1389 908 1450 942 est
1465 900 1700 942 anctoritate

142 974 306 1023 tudina.

244 1040 374 1086 :unde
403 1055 490 1084 eum
519 1041 559 1083 in
585 1041 658 1083 bac
680 1047 792 1097 parte
818 1039 967 1081 maiore
990 1052 1106 1094 quam
1139 1052 1211 1095 par
1240 1037 1292 1079 sit
1321 1036 1586 1079 contentionis
1618 1044 1700 1078 stn-
1718 1045 1797 1091 Cap.
1823 1048 1881 1080 ΙΙΙ.

145 1109 213 1154 die
227 1111 442 1161 ducantur,
472 1110 522 1152 ab
541 1107 813 1151 ecclesiastica
835 1107 1044 1148 traditione
1067 1121 1114 1148 ac
1137 1106 1314 1147 doctrina
1336 1107 1541 1146 recedunt.
1588 1102 1703 1158 Quae

145 1189 233 1221 dum
262 1191 401 1220 omnes
431 1177 610 1220 homines
634 1176 695 1218 dei
720 1177 768 1217 ad
796 1175 1005 1231 imaginem
1030 1181 1186 1216 creatos
1207 1187 1296 1215 esse
1321 1175 1515 1225 fateatur,
1558 1173 1701 1213 nullam

146 1251 281 1288 men
301 1253 452 1302 partem
477 1245 614 1286 delinit
639 1244 679 1286 in
700 1257 775 1300 qua
804 1242 1024 1285 istiusmodi
1052 1242 1234 1297 imaginis
1260 1241 1362 1284 ratio
1390 1241 1619 1282 collocanda
1643 1241 1701 1282 vi-

0 574 5 590 r

0 598 4 634 ,l

145 1313 301 1356 dentur.
360 1311 443 1356 Sed
470 1327 543 1355 nec
566 1313 629 1354 isti
654 1312 719 1368 qui
742 1325 788 1352 ea
812 1312 860 1352 de
889 1324 933 1352 re
957 1311 1135 1352 fabulose
1159 1310 1303 1366 aliquid
1327 1316 1513 1351 asserunt
1544 1316 1608 1350 aut
1633 1323 1701 1350 ne-

140 1388 262 1437 gant,
302 1381 575 1423 demonstrare
613 1380 807 1436 quidpiam
846 1386 1025 1435 possunt.
1087 1377 1246 1420 Etenim
1277 1377 1474 1428 nonnulli,
1522 1378 1623 1432 quod
1656 1378 1703 1418 de

143 1447 316 1505 {megine
337 1448 498 1500 dieitur,
523 1449 654 1491 anima
676 1448 761 1503 ipsa
780 1447 1130 1498 circumscribunt,
1162 1446 1199 1488 id
1221 1460 1339 1487 unum
1362 1445 1435 1487 rati
1460 1446 1560 1500 quod
1584 1458 1702 1486 carne

144 1523 373 1560 mmmm
396 1523 459 1559 est
477 1515 704 1559 ratiocinari
727 1529 859 1571 posse.
889 1532 897 1540 ·
920 1514 1011 1557 Nec
1030 1515 1123 1556 illud
1141 1513 1364 1569 intelligunt
1386 1513 1555 1555 animam
1577 1512 1700 1568 ipsam

145 1596 239 1628 ..ο
264 1598 365 1641 quse
390 1585 670 1635 ratiocinetur,
717 1583 752 1625 si
777 1584 933 1639 quidem
962 1583 1224 1624 attendendae
1256 1581 1578 1623 ratiocinationes
1604 1581 1702 1623 istae

139 1660 263 1707 sunt,
308 1659 351 1695 et
371 1666 449 1695 non
471 1652 600 1710 potius
622 1652 778 1693 sincera
802 1665 850 1692 ac
870 1651 1035 1707 simplici
1059 1658 1189 1692 mente
1210 1650 1257 1691 ad
1279 1650 1392 1691 deum
1414 1656 1569 1706 oportet
1589 1662 1702 1691 acee-

144 1718 269 1773 δοῐο,
310 1726 352 1763 el
373 1733 475 1776 quse
505 1721 554 1762 ab
583 1734 633 1762 eo
656 1720 758 1761 dieta
785 1726 877 1761 sunt
900 1733 970 1775 pro
995 1718 1227 1760 certissimis
1250 1718 1440 1768 credere,
1474 1717 1630 1758 tametsi
1653 1716 1702 1757 ab

146 1801 196 1832 οο
216 1788 307 1831 selo
338 1789 498 1844 cognita
530 1788 609 1831 sint
643 1788 705 1830 cui
739 1787 868 1829 omnis
897 1794 960 1828 est
985 1787 1191 1843 explorata
1226 1785 1389 1826 veritas.
1451 1785 1555 1827 Aliis
1578 1785 1703 1841 placet

145 1870 222 1900 neo
243 1857 284 1899 in
305 1857 436 1899 anima
460 1870 533 1898 nec
553 1856 592 1898 in
614 1869 782 1912 corpore
808 1869 899 1897 esse
927 1856 1040 1896 sitam
1071 1854 1305 1909 imaginem,
1353 1853 1422 1894 sed
1451 1853 1535 1894 sola
1558 1853 1702 1894 virtute

146 1924 358 1969 metiari.
418 1924 500 1967 Atii
521 1938 600 1966 uon
622 1925 833 1975 virtutem,
875 1923 945 1965 scd
973 1922 1205 1979 baptismum
1227 1929 1266 1963 et
1288 1935 1388 1978 quae
1415 1921 1522 1962 ineo
1547 1922 1704 1962 confer-

146 1993 400 2050 turgrstiam
429 2006 522 2035 esse
549 1998 741 2034 statuunt.
803 1990 932 2046 Quam
960 1991 1038 2033 illis
1067 1989 1304 2032 sententiam
1330 1989 1473 2031 dictum
1499 1989 1591 2030 illud
1610 2003 1704 2044 apo-

145 2060 239 2104 steti
266 2061 484 2119 persuasitz
527 2063 838 2113 Quemadmodum
866 2062 1103 2113 portantium
1131 2062 1331 2112 imaginem
1362 2060 1528 2106 terreni,
1571 2065 1702 2110 porte-
1734 2081 1757 2110 1.
1770 2083 1838 2111 0„-

144 2143 231 2172 nne
259 2132 460 2183 rhegium
491 2137 529 2169 οι
555 2131 741 2170 coelestim
803 2126 909 2170 Sunt
941 2128 1004 2183 qui
1037 2127 1109 2168 bac
1138 2127 1324 2183 opinione
1357 2126 1505 2167 reiecta
1536 2125 1589 2166 ita
1611 2138 1702 2167 sen·
1740 2117 1840 2152 ¹⁵⁹⁰·

146 2197 270 2240 (inuh
314 2194 421 2240 Olim
459 2196 614 2252 quidem
646 2196 686 2238 in
721 2196 876 2238 Adamo
910 2195 1082 2237 divinam
1117 2195 1221 2236 illam
1252 2194 1460 2250 imaginem
1499 2192 1698 2244 extitisse,

144 2265 276 2308 donec
295 2264 335 2307 in
360 2270 563 2322 peccatum
586 2263 720 2319 lapsus
749 2264 903 2306 arboris
937 2265 1066 2305 fructu
1092 2270 1325 2305 vesceretur
1344 2269 1460 2318 atque
1489 2276 1510 2303 a
1533 2262 1701 2317 paradisi

147 2333 291 2376 fluibus
312 2331 666 2384 exterminaretur3
696 2339 949 2388 posteaquam
977 2345 1072 2374 vero
1095 2330 1231 2387 pulsus
1256 2338 1340 2382 est,
1374 2337 1452 2372 tum
1476 2343 1631 2371 omnem
1657 2329 1702 2370 il·

147 2400 223 2444 lem
256 2401 465 2457 imaginem
497 2399 679 2455 periisse.
739 2397 890 2454 Magna
920 2406 984 2442 est
1013 2399 1174 2441 omniuo
1198 2398 1236 2440 in
1263 2397 1532 2452 contingendis
1562 2396 1701 2438 fabulis

144 2468 347 2512 hominnm
366 2468 560 2512 eiusmodi
581 2467 754 2509 licentia.
795 2466 948 2522 Quibus
967 2481 1016 2509 ne
1035 2470 1088 2508 ad
1107 2469 1238 2507 horam
1261 2468 1408 2520 quidem
1427 2467 1559 2505 cedere
1587 2479 1698 2517 opor·-
1723 2467 1794 2498 th·
1813 2468 1842 2505 ¹,
1859 2469 1887 2498 ⁶·

0 2565 23 2597 μ
148 2544 227 2587 nee
270 2543 312 2580 et
336 2537 491 2594 quidem
521 2550 598 2578 non
631 2534 719 2576 istis
743 2535 880 2587 modo,
926 2535 996 2576 sed
1027 2548 1101 2577 nee
1125 2535 1200 2576 illis
1222 2534 1287 2589 qui
1315 2533 1388 2574 boc
1410 2539 1476 2574 aut
1496 2532 1563 2573 illo
1586 2539 1699 2588 pacto

146 2604 337 2648 sentiant.
399 2602 456 2647 lta
482 2618 602 2661 porro
619 2604 856 2645 eredendum
882 2609 944 2644 est
960 2602 1170 2658 imaginem
1194 2601 1232 2643 in
1259 2600 1414 2642 bomine
1435 2600 1625 2656 reperiri,
1658 2607 1702 2643 ut

146 2671 189 2716 in
211 2679 296 2715 toto
317 2672 489 2715 maxime
507 2685 581 2714 uec
606 2671 837 2727 simpliciter
865 2669 1053 2712 resideat.
1116 2667 1304 2712 Ceterum
1340 2667 1496 2709 ubinam
1520 2667 1585 2710 illa
1619 2682 1699 2710 ma·

149 2740 259 2784 ximo
282 2740 359 2793 sit,
400 2748 534 2796 etqua
555 2747 664 2795 parte
691 2738 953 2794 compleatur,
996 2738 1096 2793 quod
1122 2737 1264 2778 dictum
1285 2743 1368 2786 est,
1408 2738 1460 2776 ad
1481 2738 1695 2789 ὺηαςὺιεηι,

149 2808 247 2851 deus
276 2808 408 2860 novit,
449 2808 512 2864 qui
537 2806 724 2863 singulari
751 2807 825 2847 boc
856 2805 1037 2860 imaginis
1062 2818 1157 2846 snae
1194 2803 1383 2845 beneficio
1411 2802 1607 2845 bominum
1631 2818 1699 2860 ge-

151 2889 226 2919 nus
247 2875 403 2918 afficere
428 2874 566 2917 voluit.
628 2873 771 2930 Neque
801 2886 899 2914 vero
931 2872 1031 2915 bane
1060 2872 1124 2914 ille
1148 2870 1364 2928 perdidisse
1396 2871 1587 2927 putandus
1613 2878 1696 2923 est;

149 2942 307 2987 tametsi
329 2943 416 2986 sine
438 2943 516 2985 ullo
530 2955 660 2984 rerum
679 2939 903 2983 discrimine
919 2938 1166 2995 gravissimis
1186 2951 1231 2980 se
1247 2937 1464 2981 sceleribus
1487 2938 1695 2995 inquinans

151 3009 307 3055 divinae
338 3010 431 3054 illud
457 3009 639 3065 imaginis
673 3009 793 3052 decus
826 3007 902 3051 vile
938 3006 1212 3063 abiectumque
1242 3004 1469 3049 reddiderit.
1544 3004 1698 3063 Quippe
