2020 3276
339 243 520 279 raman
544 243 628 277 Lm.
647 243 705 276 nt.
739 242 847 276 ΤοΜ.
867 242 908 275 11.
944 240 1097 274 expos.
1123 239 1210 273 rm.
1237 237 1427 272 camon
1572 227 1654 269 525

113 324 252 369 rinus.
311 322 416 367 Nam
438 337 532 381 prae
550 323 691 367 veneni
712 321 816 364 illius
837 321 1032 372 molestia,
1056 334 1142 362 cum
1165 317 1307 374 alioqui
1331 317 1443 359 tacite
1465 316 1503 358 in
1522 329 1656 372 quem-

115 407 230 451 qnam
253 393 357 436 dicta
381 392 514 435 iacere
542 406 620 434 non
642 391 861 440 soleamus,
906 402 1071 431 necesse
1099 387 1301 429 habuimus
1327 384 1545 428 istiusmodi
1568 383 1657 426 illos

114 460 309 520 appellare
341 460 502 513 verbis,
532 468 573 502 ut
597 459 646 501 ab
668 473 715 501 ea
738 458 963 515 suspicione
989 457 1241 512 quorumdam
1270 466 1548 496 revocaremus
1573 452 1658 494 ani·

114 544 227 583 noe,
272 530 375 586 quod
407 528 449 571 in
485 528 636 571 illorum
668 527 782 569 dictis
816 526 1006 581 lactisque
1036 524 1283 579 divulgandis
1316 530 1487 578 apertam
1517 521 1659 563 nullam

115 597 237 642 enini
257 597 381 640 nostri
404 597 726 653 significationem
751 595 1010 646 dedissemus,
1043 607 1116 635 nos
1142 593 1191 634 ab
1223 592 1339 648 impia
1360 591 1547 646 cuiusque
1569 590 1660 632 bae-

114 665 219 711 reaia
237 665 420 724 opinione
445 680 524 708 non
550 665 780 708 abhorrere.
842 662 931 718 Qua
955 663 1004 704 de
1025 675 1069 703 re
1093 660 1227 718 paucis
1251 660 1382 716 operis
1409 659 1522 701 huius
1550 659 1662 700 initio

116 734 282 793 praelati
315 748 476 787 sumus,
517 748 564 776 ac
596 732 941 791 praemuniendum
965 731 1153 772 lectorem
1185 728 1428 785 putavimus,
1472 742 1550 769 non
1575 727 1662 769 sine

116 803 361 863 praefatione
387 803 554 855 veniae,
586 816 636 844 ne
655 801 742 858 quis
762 799 991 843 iniuriarum
1016 813 1088 840 nos
1111 811 1203 840 reos
1225 803 1387 852 ageret,
1416 797 1532 852 >quasi
1551 810 1663 838 caus·

117 882 187 916 aa'e
213 871 390 915 bonitate
420 871 513 914 victi
543 871 590 912 ad
621 869 782 913 dicteria
813 868 1031 926 probraque
1068 867 1386 922 confugeremus.
1451 864 1494 907 ln
1524 865 1661 907 eodem

86 973 88 975 »
117 953 216 983 vero
247 939 424 998 proEmio
461 939 795 996 significavimus,
835 951 1025 994 quaenam
1051 950 1074 978 a
1105 935 1219 977 nobis
1259 935 1485 976 tractandae
1527 941 1663 975 essent

117 1007 331 1061 haereses,
362 1015 443 1051 tum
466 1015 560 1063 quot
580 1007 620 1049 in
642 1006 763 1049 libros
786 1013 908 1048 totum
935 1019 1033 1062 opus
1053 1010 1162 1046 esset
1184 1002 1447 1045 distributum.
1509 1001 1662 1044 Deinde

117 1083 215 1134 quot
242 1083 284 1119 et
311 1076 529 1120 cuiusmodi
570 1075 609 1118 in
638 1087 951 1131 unumquemque
992 1073 1132 1115 librum
1175 1071 1354 1114 coniecta
1394 1070 1487 1112 sint.
1549 1069 1663 1127 Quae

117 1145 331 1188 memoriae
361 1159 500 1187 caussa
529 1144 575 1186 ad
607 1144 796 1187 lectorum
828 1143 1032 1185 utilitatem
1064 1141 1158 1183 libet
1187 1140 1260 1183 boc
1291 1140 1379 1181 loco
1407 1147 1604 1196 repetere.

233 1213 341 1258 Tres
374 1214 506 1270 itaque
535 1213 623 1255 libri
653 1219 745 1255 sunt
775 1219 924 1268 septem
957 1211 997 1253 in
1024 1217 1150 1253 tomos
1177 1209 1324 1267 partiti.
1385 1206 1542 1250 Primus
1566 1207 1667 1250 liber

119 1281 306 1326 haereses
328 1296 404 1325 sex
421 1289 463 1324 et
482 1281 740 1338 quadraginta
759 1280 1044 1337 complectitur,
1076 1293 1240 1335 quarum
1261 1277 1419 1320 uomina
1441 1276 1665 1333 singillatim

119 1357 426 1408 percensentur,
468 1356 628 1393 servato
658 1349 824 1406 prioris,
867 1348 1099 1405 posterioris
1132 1361 1179 1389 ac
1203 1346 1440 1402 reliquarum
1478 1345 1663 1402 deinceps

118 1420 170 1463 ad
200 1426 436 1478 postremam
474 1432 597 1475 usque
632 1418 720 1460 libri
751 1417 871 1459 totius
901 1417 1054 1459 ordine.
1116 1414 1226 1471 Ergo
1258 1416 1406 1472 primus
1427 1414 1527 1456 liber
1551 1413 1665 1456 tomis

121 1488 247 1532 tribua
269 1485 413 1531 XLV}
438 1487 625 1530 haereses
658 1486 849 1529 continet.
912 1483 1119 1528 Secundus
1151 1485 1266 1526 tomis
1297 1483 1447 1526 duobus
1480 1483 1666 1525 haereses

121 1554 288 1600 XXlll.
349 1555 515 1598 Tertius
545 1554 713 1611 denique
744 1554 903 1596 totidem
940 1553 1058 1595 tomis
1084 1553 1269 1595 haereses
1293 1550 1374 1594 Xl.
1435 1549 1521 1594 Vos
1548 1551 1668 1607 igitur

123 1639 284 1679 omnes,
316 1625 381 1682 qui
399 1637 643 1667 communem
665 1623 767 1665 hunc
790 1637 941 1665 mecum
964 1622 1135 1664 laborem
1157 1621 1379 1678 capessitis,
1411 1627 1453 1662 et
1475 1620 1575 1662 banc
1599 1634 1668 1662 no-

121 1700 245 1737 atram
275 1692 586 1736 lucubrationem
610 1692 804 1749 patienter
834 1691 1020 1734 evolvere
1046 1690 1236 1740 studetis,
1280 1703 1378 1745 rogo
1402 1688 1606 1746 plurimum
1630 1695 1670 1730 et

122 1761 339 1814 exhortor,
381 1762 495 1804 etuti
518 1761 625 1817 digni
650 1760 737 1803 sitis
760 1759 937 1817 postulo,
980 1760 1148 1801 fructum
1171 1758 1288 1800 istinc
1311 1758 1478 1814 aliquem
1502 1764 1542 1800 et
1566 1756 1670 1798 utili-

124 1836 244 1874 tatem
265 1843 431 1888 capere,
473 1835 590 1885 atque
624 1829 842 1871 haereseon
876 1828 1092 1870 molestiam
1123 1842 1170 1870 ac
1204 1825 1415 1884 perniciem
1446 1825 1493 1867 ab
1528 1825 1669 1867 animis

125 1898 271 1951 vestris
289 1897 517 1955 longissime
538 1911 759 1940 removere.
820 1895 914 1939 Nou
940 1897 1043 1939 enim
1066 1896 1152 1938 illas
1174 1895 1401 1951 cuiusquam
1422 1894 1471 1936 ad
1495 1895 1670 1936 fraudem

126 1965 369 2024 exitiumque
392 1966 671 2023 patefecimus,
714 1966 784 2009 sed
814 1967 862 2008 ad
887 1966 1090 2008 utilitatem
1115 1972 1231 2021 atque
1262 1964 1481 2006 cautionem
1497 1995 1508 2015 ‚
1552 1976 1602 2004 ne
1622 1962 1670 2004 ad

128 2041 455 2078 commemoratas
483 2035 570 2077 illas
601 2035 787 2077 haereses
825 2034 1021 2077 illecebris
1046 2033 1134 2076 ullis
1165 2033 1367 2089 quisquam
1406 2031 1667 2089 pertrabatur.

126 2100 257 2146 Porro
279 2102 346 2146 ubi
367 2109 488 2145 totum
510 2103 612 2145 istud
639 2117 759 2159 opus,
793 2102 929 2145 eiusve
954 2109 1102 2159 partem
1127 2102 1295 2158 aliquam
1321 2101 1487 2157 legendo
1512 2114 1670 2157 percur-

127 2171 287 2225 ret-itia,
331 2171 445 2214 deum
480 2185 549 2228 pro
574 2170 687 2213 nobis
722 2171 993 2225 obsecratote‚
1037 2178 1076 2213 et
1105 2170 1197 2213 illud
1223 2170 1433 2226 impetrare
1457 2170 1670 2220 studetote,

130 2239 246 2283 nobis
271 2248 313 2283 ut
336 2239 402 2282 ille
426 2239 553 2282 locum
577 2238 745 2295 aliquem
770 2240 808 2281 in
834 2247 970 2282 sancta
993 2240 1154 2296 solaque
1179 2238 1369 2281 catholica
1396 2245 1436 2280 et
1459 2237 1673 2294 apostolica

130 2309 323 2362 eeclesia,
369 2309 582 2364 eademque
615 2321 732 2359 vera,
775 2307 928 2351 vivifica
954 2308 1192 2364 salutarique
1221 2307 1387 2358 tribuat,
1431 2313 1510 2348 tum
1535 2313 1578 2348 ut
1601 2319 1673 2348 nos

131 2377 181 2421 ab
215 2377 391 2420 haeresis
421 2377 548 2419 omnis
578 2375 812 2432 contagione
844 2376 1000 2419 liberet.
1068 2375 1184 2432 Quod
1216 2376 1249 2418 si
1280 2375 1494 2432 quicpiam‚
1541 2380 1674 2430 utpote

131 2445 334 2498 homines,
367 2445 431 2502 qui
455 2443 885 2502 incomprehensibilem
909 2452 949 2487 et
970 2443 1282 2502 inexplicabilem
1304 2442 1408 2485 illam
1432 2442 1674 2485 divinitatem

132 2515 288 2573 penitus
318 2514 501 2570 assequi,
545 2520 584 2555 et
622 2514 669 2555 ad
697 2519 916 2555 extremum
949 2526 1072 2569 usque
1108 2519 1315 2570 penetrare
1346 2525 1424 2553 nou
1450 2524 1672 2567 possumus,

132 2583 203 2627 aed
225 2583 266 2627 in
297 2583 500 2639 angustias
532 2596 599 2624 eas
622 2580 814 2633 coniecti,
856 2588 897 2623 ut
922 2581 1042 2623 divini
1066 2580 1236 2623 numinis
1261 2579 1527 2637 propugnandi
1551 2579 1676 2635 gratia

134 2653 322 2710 quaedam
347 2666 418 2709 pro
441 2650 608 2693 humano
633 2657 746 2706 captu
769 2649 966 2691 disserere
989 2649 1113 2691 coacti
1137 2650 1274 2700 simus,
1307 2647 1340 2689 si
1363 2647 1468 2703 quid,
1501 2648 1675 2703 inquam,

134 2721 251 2779 paulo
280 2720 464 2763 audacius
499 2719 683 2769 fecimus,
728 2717 973 2759 condonante
998 2719 1095 2771 deo,
1138 2731 1210 2759 vos
1234 2724 1275 2758 et
1298 2716 1400 2757 istud
1421 2715 1512 2757 mibi
1532 2715 1678 2758 condo-

136 2802 233 2832 nare
254 2788 399 2832 velitis.
461 2788 522 2830 Ac
542 2801 695 2830 rursum
719 2786 809 2828 illud
832 2800 916 2827 inea
940 2799 1077 2828 caussa
1100 2785 1234 2842 petite,
1268 2784 1323 2827 uti
1347 2784 1542 2836 dominus,
1564 2798 1677 2840 quam

137 2856 187 2900 ab
206 2871 255 2899 eo
274 2864 420 2899 sortem
445 2856 784 2910 conditionemque
810 2854 957 2910 precati
982 2867 1139 2905 sumus,
1184 2852 1223 2895 iu
1248 2852 1494 2895 sanctissima
1522 2866 1594 2894 sua
1615 2866 1679 2894 re·

137 2925 310 2982 ugione,
341 2939 440 2982 quae
461 2924 545 2967 sola
566 2923 613 2966 ab
635 2923 739 2965 omni
765 2922 1074 2964 contradictione
1099 2921 1222 2964 libera
1245 2927 1329 2973 est,
1362 2920 1579 2963 concedere
1600 2935 1677 2962 non

138 3000 349 3051 gravetur,
392 3007 438 3036 ac
459 2999 707 3051 peccatorum
731 3004 929 3044 meorum,
971 3003 1070 3046 quae
1094 2989 1194 3033 bene
1217 2989 1335 3033 multa
1358 2996 1472 3043 suut,
1514 2989 1678 3045 gratiam
