2020 3276
427 230 610 265 rmum
633 230 719 264 Lm.
737 230 795 264 ιιι.
819 230 929 265 Tou.
946 231 988 264 ιι.
1012 230 1146 264 nasa.
1162 230 1339 264 Lxxvn,
1578 220 1663 263 367

117 309 311 357 h-uae
336 312 501 353 na'turae
526 309 791 354 conditionem
815 311 1084 365 extingueret.
1143 308 1257 353 Unde
1279 317 1320 351 et
1340 310 1388 352 ad
1408 310 1521 352 ficum
1545 309 1660 352 arbo-
1708 328 1764 357 Μ.
1765 327 1822 357 tu.

114 379 202 423 16·
229 377 392 431 σπι-ἰὴ,
434 386 490 421 et
503 393 639 421 verum
675 379 796 421 lutum
831 379 939 420 fecit.
1001 379 1063 420 Ad
1097 378 1260 420 eandem
1294 392 1392 420 vero
1419 379 1524 421 illam
1549 364 1771 426 ficum102...
1772 364 1823 433 ¹³9
1838 398 1866 426 α,

115 460 217 490 0-
227 447 414 490 nonnulla
437 447 628 500 dixisset,
660 461 730 499 ea,
764 447 819 488 nti
841 447 1020 498 dixerat,
1062 447 1304 488 acciderunt.
1370 446 1497 489 item
1486 461 1525 489 ιιι
1551 447 1662 489 navi·
1678 455 1741 484 Ioue
1725 455 1847 492 e-·⁸‚²⁸

114 515 304 573 'io-eu·
333 523 495 558 nunu
527 515 795 571 increpasset,
838 514 900 557 bic
932 514 1062 557 subito
1096 515 1227 557 desiit.
1291 514 1395 557 Tum
1422 529 1520 558 vero
1546 523 1661 572 sputo
1686 523 1788 552 ¹⁶⁸⁸-
1805 523 1832 551 9·

115 597 256 629 aucae
285 585 393 636 luto,
438 591 587 626 etcum
610 583 827 626 divinitatis
852 597 949 626 suae
976 597 1184 635 sermone,
1217 590 1297 625 tum
1325 584 1515 636 hominis,
1548 599 1661 640 quem

49 708 53 712 ἱ
113 659 407 711 asa-psent,
449 659 588 709 sputo,
634 651 742 704 luto,
783 652 964 707 inquam,
1006 651 1110 693 sicut
1149 651 1302 693 Adamo
1343 653 1562 707 quondam,
1608 652 1662 694 ita

112 727 239 764 aeuo
267 720 325 764 illi
345 721 447 777 quod
479 721 527 762 ad
549 721 814 776 integritatem
847 720 983 762 deerat
1011 719 1225 761 membrum
1262 720 1375 762 finxit
1406 735 1453 763 ac
1479 721 1660 764 reddidit.

115 786 166 834 Si
185 789 341 846 quidem
364 789 405 832 in
426 802 475 831 co
498 796 615 831 erant
636 787 765 831 omnia
789 789 987 845 perfecta,
1021 788 1120 830 adeo
1143 794 1187 829 ut
1207 788 1247 829 in
1274 802 1393 830 carne
1417 796 1661 845 paterentur,

114 857 156 901 in
176 857 381 902 divinitate
399 871 498 901 vcro
522 857 600 915 pati
623 857 717 898 nihil
738 863 923 913 possent,
966 857 1093 898 donec
1119 870 1142 897 a
1168 856 1333 899 mortuis
1357 858 1553 900 excitatus
1583 866 1659 911 est,
1680 868 1808 905 nona,
1823 870 1849 898 a.

114 924 213 970 nihil
239 926 407 984 amplius
435 926 595 968 omnino
625 927 803 983 patiens,
836 939 964 982 neque
994 925 1168 967 moriens
1197 926 1372 968 omniuo.

191 1022 193 1025 ,
228 992 347 1051 Quod
373 994 414 1037 ai*
437 995 636 1046 nonnulli,
681 1008 752 1051 pro
784 1009 832 1036 eo
858 994 959 1050 quod
983 1008 1006 1036 e
1027 994 1130 1036 virili
1161 1002 1249 1037 satu
1279 1008 1422 1051 corpus
1447 1009 1524 1036 non
1547 1009 1660 1038 acce·
1728 1009 1810 1054 cap.

116 1061 243 1120 pade,
259 1061 421 1106 diversi
442 1062 643 1107 cniusdam
667 1076 758 1107 esse
776 1064 937 1119 generis
958 1063 1225 1116 arbitrentur,
1257 1077 1334 1105 non
1358 1070 1419 1106 est
1443 1065 1544 1120 quod
1571 1079 1661 1121 pro·
1715 1054 1815 1088 ΧΙΧ*

116 1133 398 1189 μετοικιῶ
417 1132 594 1188 eorporis
614 1145 704 1174 esse
722 1131 912 1174 dissimile
930 1139 1082 1188 putent.
1142 1130 1357 1188 Postquam
1374 1131 1477 1174 enim
1495 1147 1517 1175 e
1532 1132 1664 1176 Maria

118 1206 254 1244 1111-
283 1213 374 1243 case
397 1207 513 1243 extra
539 1200 820 1243 dubitationem
843 1214 998 1243 omnem
1019 1207 1102 1253 est,
1148 1208 1324 1243 nostrum
1353 1201 1475 1243 fuisse
1500 1216 1664 1245 necesse

117 1275 205 1321 eat,
242 1265 376 1312 Maria
400 1269 541 1326 qnippe
566 1283 644 1310 non
667 1267 830 1311 alterins
848 1283 961 1324 quam
982 1270 1095 1311 cuius
1115 1283 1282 1326 corpora
1303 1277 1439 1312 nostra
1458 1278 1551 1313 sunt
1570 1286 1664 1313 con-

117 1336 278 1381 ditionis
293 1337 441 1380 extitit.
501 1335 605 1379 Nam
623 1344 664 1379 et
685 1337 860 1379 Adamas
878 1351 903 1379 a
923 1336 1010 1380 viro
1028 1339 1185 1394 genitus
1208 1353 1286 1380 non
1308 1338 1395 1390 fuit,
1420 1339 1489 1381 sed
1510 1354 1532 1381 e
1556 1346 1663 1382 terra
1699 1340 1776 1370 ⁰⁸¹¹·
1796 1341 1823 1370 ¹·

118 1405 333 1458 boam,
376 1419 451 1449 nec
484 1406 574 1448 ideo
605 1406 784 1462 sequitur
815 1406 916 1461 quod
948 1420 1027 1447 nou
1052 1421 1074 1448 e
1097 1407 1202 1449 virili
1224 1414 1339 1459 satu,
1381 1407 1451 1450 sed
1476 1408 1529 1450 de
1559 1415 1667 1451 terra

116 1473 323 1532 prodierit,
353 1475 550 1517 diversam
574 1475 767 1531 quandam
789 1488 814 1516 a
835 1474 983 1516 nostris
1006 1475 1236 1532 corporibus
1258 1483 1436 1518 naturam
1463 1490 1552 1519 esse
1577 1492 1664 1519 sor-

117 1541 246 1593 titum.
307 1540 466 1585 Etenim
502 1557 575 1585 nos
605 1543 654 1585 ab
678 1543 745 1584 illo
775 1542 899 1599 geniti
926 1542 975 1585 ab
1009 1544 1184 1586 eiusdem
1210 1559 1378 1602 corpore
1409 1545 1556 1587 diversi
1587 1561 1663 1588 non

115 1624 276 1665 m,
314 1611 470 1654 tametsi
498 1626 522 1654 e
542 1611 646 1654 virili
667 1618 756 1654 satu
782 1611 993 1664 fuerimus,
1036 1627 1083 1654 ac
1106 1613 1283 1655 mulieris
1307 1621 1420 1656 utero
1442 1615 1662 1671 propagati.

117 1677 202 1726 flod
220 1679 326 1724 liaeo⁴
350 1680 528 1722 nonnulli
557 1680 739 1723 subtilius
762 1680 973 1722 identidem
1014 1688 1253 1735 tractantes,
1293 1690 1334 1724 et
1358 1682 1399 1724 in
1420 1683 1551 1725 animo
1573 1697 1663 1725 ver-

117 1753 285 1803 num,
321 1762 346 1792 a
365 1763 488 1806 acopo
507 1750 663 1806 penitus
683 1749 932 1791 aberrarunt.
993 1749 1076 1791 Alii
1098 1764 1216 1806 porro
1238 1764 1293 1793 ex
1315 1751 1391 1803 iis,
1433 1752 1497 1807 qui
1521 1752 1569 1794 ad
1590 1765 1663 1795 nos

117 1815 385 1871 ventitabant,
426 1817 576 1860 infinita
600 1818 791 1874 quaedam
829 1818 917 1860 aliis
936 1818 1249 1871 deblaterantes‚
1291 1819 1416 1862 virum
1441 1820 1664 1863 laudatissi-

118 1898 225 1930 .-
251 1885 336 1928 ου’·
366 1885 703 1929 criminationibus
735 1887 1013 1939 traducebant,
1055 1901 1103 1928 ac
1126 1885 1459 1931 vehementiorem
1491 1890 1660 1945 quidem,

120 1965 239 2009 qn·
256 1966 334 2010 par
350 1961 462 2006 erat,
505 1955 710 1998 tumultum
730 1955 1003 2008 concitarunt,
1045 1955 1132 1998 sive
1152 1969 1207 1998 ex
1223 1956 1409 2010 inscitia,
1451 1958 1537 2000 sive
1561 1960 1663 2014 quod

120 2018 240 2064 abeo
260 2020 405 2064 dictu-
426 2029 512 2064 erat
532 2023 691 2065 minime
713 2023 1000 2080 percepissent,
1021 2031 1062 2066 et
1077 2024 1125 2067 ab
1151 2038 1200 2066 eo
1222 2025 1390 2081 digressi
1408 2040 1508 2082 quae
1530 2028 1663 2070 audie·

120 2095 216 2132 rut
242 2088 425 2146 dog-ata
457 2091 744 2147 praedicarent.
805 2091 954 2135 Verum
992 2093 1040 2134 de
1070 2094 1379 2150 supervacaneis
1407 2095 1514 2138 hisce
1544 2110 1664 2152 quae·

120 2157 316 2205 stionibus
337 2157 543 2201 hactenus.
587 2157 685 2202 lllud
707 2174 804 2202 vcro
828 2161 998 2203 lectores
1018 2175 1158 2204 omnes
1179 2162 1451 2206 intellecturos
1475 2164 1662 2217 arbitror,

120 2225 226 2270 nulla
249 2240 322 2269 nos
353 2233 422 2269 aut
442 2226 589 2269 invidia
621 2235 688 2269 aut
718 2228 809 2270 odio
838 2229 877 2271 in
912 2229 1107 2272 homiuem
1133 2244 1224 2274 esse
1259 2239 1493 2275 commotos.
1556 2232 1664 2275 istud

120 2294 225 2338 enim
246 2294 424 2353 inprimis
447 2302 624 2351 optamus
647 2310 695 2338 ac
715 2296 896 2352 petimus,
918 2304 962 2340 ut
982 2312 1031 2340 ne
1053 2298 1101 2340 ab
1123 2299 1290 2341 ecclesia
1307 2297 1456 2342 Christi
1479 2308 1595 2357 atque
1615 2302 1663 2343 ab

120 2363 356 2407 auarissima
390 2364 551 2406 iratrum
587 2363 778 2407 societate
799 2365 1028 2418 divellatur,
1071 2367 1141 2409 sed
1178 2375 1221 2410 ut
1255 2369 1444 2411 eiusmodi
1472 2369 1663 2425 dogmatis

121 2430 281 2475 nimium
310 2432 480 2475 studium
513 2433 879 2489 contentionemque
902 2434 1095 2491 deponat,
1127 2449 1174 2477 ac
1195 2450 1285 2479 sese
1311 2438 1358 2479 ad
1387 2438 1548 2479 meliora
1571 2452 1665 2479 cou-

121 2506 267 2554 vertat,
298 2500 402 2543 sicut
420 2500 605 2557 scriptum
630 2508 709 2552 est,
733 2503 944 2551 Revertere,
969 2511 1172 2554 revertere,
1199 2508 1422 2555 Sanamem,
1456 2514 1658 2556 revertere,
1676 2515 1858 2554 emata.

120 2575 162 2610 ee
189 2570 390 2611 micheam
421 2572 460 2610 in
493 2577 542 2610 ee.
603 2568 743 2611 Redeo
775 2570 850 2611 iam
881 2570 928 2613 ad
949 2569 987 2613 id
1010 2573 1112 2628 quod
1143 2572 1254 2615 initio
1277 2587 1580 2630 proposueram,
1624 2582 1664 2617 et

122 2637 227 2695 qued
256 2651 507 2692 consequens
536 2644 598 2679 est
626 2645 816 2679 attexam.

232 2704 369 2763 Negat
396 2720 419 2748 a
453 2703 614 2749 Christo
644 2707 857 2763 perfectam
892 2706 1060 2750 bominis
1091 2716 1270 2752 naturam
1306 2724 1397 2753 esse
1426 2718 1659 2767 susceptam.
1723 2725 1805 2767 cap.

122 2770 208 2818 luo
228 2781 271 2818 et
291 2775 500 2818 nonnullos
527 2774 576 2818 ab
598 2776 702 2817 omni
724 2789 791 2830 spe
814 2774 954 2817 salutis
977 2776 1124 2830 deiicit,
1156 2778 1412 2821 veliementer
1436 2779 1524 2822 illos
1545 2780 1661 2824 terri-
1724 2771 1809 2807 xx·

166 2933 199 2968 2
219 2935 346 2968 neuen
363 2931 442 2978 παρ’
463 2932 603 2974 &moue
626 2937 690 2969 eive
704 2931 781 2978 παρ’
805 2946 866 2969 αυ-
956 2935 989 2970 3.
1013 2937 1150 2969 Alterum
1178 2938 1235 2971 Ιιοο
1259 2935 1440 2983 ἐπίστρεφε
1468 2940 1665 2975 &aduam

122 2977 210 3020 τοὺς.
260 2982 430 3015 coi-narius
446 2983 568 3014 vertitu
571 2987 606 3013 ut
625 2993 643 3014 a
663 2981 797 3025 seipsis
816 2992 862 3013 re·
912 2983 946 3014 in
969 2982 1041 3014 edit.
1065 2984 1173 3015 Petnv.

124 3031 296 3059 canente·
307 3037 347 3059 ae
357 3026 569 3070 proterente·
578 3026 707 3060 turbam
722 3037 868 3059 commo·
959 3027 990 3060 4
1031 3031 1222 3071 σουμανῑτις
1251 3029 1319 3063 cod-
1353 3031 1417 3065 len.
1473 3031 1665 3076 σονμανίτις

124 3077 253 3104 vesunt.
299 3073 448 3105 Petam
468 3074 590 3107 votem
612 3069 689 3116 παρ’
712 3069 826 3107 αυτοῦ.
915 3073 986 3106 edit.
1009 3075 1109 3115 princ.
