2020 3276
452 218 637 255 umen
661 219 820 253 uam.
843 218 955 253 τοΜ.
972 221 1014 253 ιι.
1037 218 1364 253 man.1,xxv11.
1600 209 1683 251 377

145 300 289 344 Suom
318 299 435 342 ullam
467 299 664 341 extricare
699 305 894 355 poterant.
957 298 1022 341 Ex
1052 299 1102 341 iis
1125 299 1241 354 longe
1267 298 1520 341 acerbissimo
1548 298 1683 340 dolore

144 381 192 413 υ
211 367 392 411 molestia
422 381 558 410 sumus
579 367 733 420 affecti,
779 367 880 423 quod
907 367 1012 408 inter
1046 368 1271 423 praeclaros
1302 368 1391 410 illos
1415 381 1462 409 ac
1487 366 1600 411 laude
1627 367 1684 409 di-

141 449 243 494 gno·
268 436 410 479 fratres
435 442 592 478 nostros
613 442 745 478 tantae
768 435 1042 477 contentiones
1062 450 1108 477 ac
1133 436 1351 478 simultates
1375 435 1682 487 intercederent,

141 510 187 549 ut
202 511 413 562 perpetuas
438 504 479 546 in
501 518 574 546 nos
596 503 865 546 dissensiones
894 504 1251 559 importunissimus
1276 504 1340 546 ille
1373 504 1531 546 humani
1563 517 1685 559 geue-

141 573 199 617 ἢ·
230 573 354 616 bostis
387 572 564 615 diabolus
593 572 788 614 immittat.
861 571 913 614 Et
946 587 1042 615 vero
1075 572 1143 614 tali
1177 572 1215 613 in
1252 573 1400 614 erroris
1433 579 1681 628 argumento,

141 642 310 693 boues,
353 640 561 698 praecipua
588 641 776 697 quaedam
805 642 911 682 fraus
935 640 1288 682 circumveniendis
1320 641 1516 683 hominum
1545 640 1685 683 menti-

140 709 215 754 bus
236 709 484 753 versabatur.
546 708 637 752 Nisi
662 709 764 751 euim
787 709 835 751 de
860 723 906 750 ea
927 723 971 751 rc
996 709 1107 750 initio
1133 710 1236 750 foret
1260 709 1431 751 excitata
1457 709 1683 765 disputatio,

141 777 468 836 duplic-,inimum
502 778 682 834 quiddam
711 784 812 819 erat.
883 777 1058 834 Ecquam
1091 777 1193 819 enim
1228 777 1370 819 mundo
1401 778 1555 819 novitas
1589 777 1686 819 haec

141 847 346 890 utilitatem
369 846 586 889 conscivit?
615 854 684 888 aut
708 846 797 902 quid
819 846 1011 888 ecclesiae
1033 846 1204 902 profuit?
1261 844 1408 887 Nonne
1432 845 1687 887 vehementer

141 915 291 968 nocuit,
323 930 410 959 cum
436 915 662 957 intestinum
685 916 814 957 odium
837 915 1150 970 simultatemque
1170 914 1377 956 conflarit?
1435 912 1514 957 Sed
1538 914 1601 956 ubi
1623 928 1687 956 se-

142 983 220 1029 mi
243 984 383 1040 dogma
403 983 496 1026 illud
521 983 648 1040 coepit
679 997 908 1039 emergere,
954 982 1361 1025 formidolosissimum
1385 983 1531 1024 extitit.
1591 981 1687 1024 Non

143 1051 248 1095 onim
267 1053 316 1094 ad
340 1052 623 1109 expeditiorem
645 1052 812 1109 aliquam
836 1052 976 1094 salutis
1008 1058 1169 1094 nostrae
1203 1051 1307 1093 viam
1333 1065 1380 1093 ac
1408 1050 1600 1093 rationem
1624 1065 1687 1092 re-

144 1120 285 1163 fertur.
346 1117 591 1176 Quicumque
613 1134 709 1163 vero
733 1135 810 1162 nou
836 1121 875 1162 in
901 1121 974 1162 hac
999 1121 1115 1162 modo
1142 1126 1275 1176 parte,
1320 1121 1388 1162 sed
1415 1119 1478 1162 vel
1509 1119 1546 1160 in
1568 1119 1688 1160 levis-

143 1188 242 1232 sima
271 1188 414 1248 aliqua⁴
431 1188 638 1230 veritatem
662 1189 820 1231 minime
843 1189 1069 1245 profitetur,
1116 1189 1228 1230 fidem
1250 1188 1285 1230 is
1307 1189 1486 1230 ciurasse
1509 1187 1689 1230 censebi-

144 1264 222 1300 tur.
284 1255 437 1314 Quippe
459 1271 507 1299 ne
528 1258 566 1299 in
589 1257 748 1299 miuimo
768 1258 921 1313 quidem
945 1272 966 1300 a
987 1258 1166 1299 veritatis
1190 1257 1254 1299 via
1279 1257 1487 1299 deflectere
1515 1263 1684 1313 oportet.

144 1323 397 1382 Quapropter
427 1326 541 1368 ctiam
579 1326 771 1369 adversus
806 1326 1028 1382 opinionem
1051 1326 1155 1368 illam
1186 1326 1454 1383 disputemus,
1499 1339 1585 1366 cum
1614 1338 1687 1366 uec

142 1393 358 1436 abhorrere
381 1407 403 1435 a
426 1394 506 1436 vita
534 1402 694 1447 nostra,
739 1409 866 1451 neque
899 1402 1060 1436 sauctae
1085 1395 1146 1436 dei
1171 1395 1386 1446 ecclesiae,
1431 1394 1595 1449 fideique
1623 1406 1687 1435 re-

141 1461 272 1518 gulam
302 1462 489 1504 deserere
523 1464 627 1504 omni
654 1477 726 1519 ope
751 1465 991 1505 studeamus.
1052 1461 1197 1505 Nullus
1221 1463 1323 1504 euim
1355 1476 1522 1518 uuquam
1545 1475 1599 1504 ex
1619 1475 1689 1503 ve-

144 1530 294 1573 teribus
313 1530 405 1573 illud
429 1532 624 1583 asseruit,
669 1547 745 1573 uon
776 1532 987 1589 propheta,
1032 1546 1110 1573 non
1139 1531 1365 1588 apostolus,
1411 1544 1488 1572 non
1517 1543 1687 1586 evange-

142 1597 255 1650 lista,
289 1613 366 1641 nou
389 1599 645 1656 interpretum
675 1601 837 1657 aliquis,
884 1601 946 1656 qui
981 1600 1027 1641 ad
1056 1608 1231 1642 nostrum
1259 1613 1380 1655 usque
1409 1606 1561 1655 tempus
1584 1597 1688 1640 exti-

145 1673 303 1719 terunt,
349 1682 373 1710 a
394 1682 471 1724 quo
503 1668 714 1724 sophistica
748 1670 811 1711 illa
838 1669 1158 1724 cavillatoriaque
1187 1683 1266 1710 vox
1292 1682 1343 1710 ex
1367 1667 1620 1710 eruditissimi
1643 1667 1690 1708 il-

144 1734 221 1778 lins
245 1735 413 1778 bominis
437 1750 507 1778 ore
535 1738 742 1792 processit.
803 1735 897 1779 Non
930 1738 1033 1779 enim
1064 1737 1301 1779 mediocrem
1326 1737 1526 1778 literarum
1560 1736 1689 1778 scien-

142 1803 235 1848 tiam
260 1805 387 1847 fuerat
409 1805 474 1847 ille
504 1814 767 1856 consecutus,
810 1821 896 1848 cum
922 1813 961 1847 et
988 1806 1280 1848 humanioribus
1306 1804 1550 1860 Graecisque
1574 1804 1690 1846 disci-

142 1872 258 1930 plinie
287 1881 395 1915 esset
424 1874 629 1926 excultus,
676 1881 715 1916 et
740 1875 983 1916 dialecticam
1008 1889 1054 1915 uc
1078 1873 1327 1930 sophisticam
1356 1880 1480 1915 artem
1514 1873 1690 1929 inprimis

143 1941 330 1993 calleret,
372 1949 481 1984 essct
513 1942 613 1984 idem
643 1956 761 1999 porro
786 1943 993 1999 praecipua
1022 1943 1060 1984 iu
1086 1943 1190 1983 omni
1215 1943 1293 1983 vita
1319 1942 1515 1997 gravitate
1539 1942 1690 1996 praedi-

145 2016 231 2062 tos,
274 2010 354 2051 imo
375 2023 474 2051 vcro
496 2017 536 2052 et
557 2011 789 2053 orthodoxis
813 2012 1015 2062 omuibus,
1061 2019 1270 2067 autequam
1305 2011 1523 2053 istiusmodi
1551 2011 1691 2064 dogma

146 2085 406 2136 proponeret,
440 2079 554 2133 louge
577 2079 819 2122 carissimus.
883 2078 1107 2134 Quinetiam
1128 2088 1166 2121 et
1189 2080 1351 2122 exilium
1377 2078 1564 2120 sustinuit
1589 2079 1688 2134 quod

145 2145 309 2191 Arianis
341 2147 524 2188 assentiri
558 2147 692 2188 nollet.
755 2145 834 2190 Sed
871 2148 958 2203 quid
996 2148 1135 2190 attinet
1172 2149 1345 2204 pluribus
1380 2147 1453 2188 ista
1480 2148 1690 2203 prosequi?

145 2213 334 2270 Magnum
366 2214 525 2257 omuino
555 2216 729 2257 dolorem
761 2229 806 2257 oa
838 2229 903 2257 res
935 2217 1047 2258 nubis
1078 2218 1227 2270 attulit,
1278 2223 1318 2257 et
1347 2216 1528 2258 acerbam
1571 2216 1689 2257 vitam

145 2283 337 2336 reddidit,
370 2283 552 2339 quoniam
584 2283 761 2325 diabolus
792 2284 968 2326 molestia
1002 2299 1098 2338 nos,
1133 2293 1174 2327 ut
1202 2299 1320 2341 saepe
1352 2285 1472 2337 dixit,
1506 2285 1609 2326 solet
1632 2284 1691 2325 af-

145 2351 278 2396 ficere.

257 2419 336 2464 Sed
366 2435 468 2462 nunc
492 2421 538 2462 dc
563 2420 636 2462 hoc
661 2427 892 2474 argumento
918 2421 1115 2477 disputare
1140 2421 1373 2477 aggredior,
1408 2435 1457 2462 ue
1484 2420 1614 2471 ullum,
1649 2427 1690 2461 ut

144 2489 255 2532 initio
274 2489 429 2541 monui,
463 2489 640 2531 veritatis
664 2498 810 2544 partem
835 2490 1155 2544 praetermittam.
1218 2488 1321 2545 Quid
1347 2489 1465 2543 igitur
1487 2503 1559 2530 nos
1582 2489 1690 2530 adiu-

146 2564 214 2601 vat
246 2559 348 2615 quod
381 2558 428 2600 ab
455 2563 652 2613 assumpta
688 2557 855 2598 hominis
887 2557 924 2598 iu
951 2555 1112 2599 Clu-isto
1143 2564 1283 2600 natura
1316 2564 1484 2599 mcutem
1517 2556 1692 2598 excludi-

147 2627 259 2669 mus?
315 2625 418 2670 Nam
444 2627 477 2668 si
503 2640 550 2667 eo
578 2625 764 2680 cogitatio
788 2632 921 2666 nostra
945 2627 1168 2679 perducitur
1192 2633 1231 2667 ut
1253 2626 1409 2667 domiuo
1440 2633 1574 2666 nostro
1602 2622 1692 2667 lesu

148 2691 332 2747 Christo,
378 2709 424 2737 ac
451 2695 525 2736 deo
555 2695 700 2743 verbo,
744 2693 882 2748 deique
915 2693 1016 2744 lilio,
1064 2701 1106 2735 ut
1126 2694 1178 2735 itn
1210 2694 1402 2744 dixerim,
1444 2693 1688 2741 subveniret,

149 2761 207 2812 ei,
240 2762 421 2818 iuquam,
455 2772 623 2804 mentem
649 2762 736 2803 ideo
763 2762 867 2802 illum
895 2762 1154 2817 assumpsisse
1176 2776 1387 2817 negemus,
1422 2769 1463 2802 ut
1486 2774 1556 2813 ue,
1590 2762 1691 2816 quod

147 2831 193 2873 ad
225 2830 464 2873 divinitatem
498 2832 690 2887 pertinet,
735 2830 920 2871 inferiore
958 2830 1062 2872 illum
1095 2844 1183 2871 esse
1216 2830 1302 2871 loro
1333 2830 1529 2882 dicamus,
1576 2830 1692 2886 louge

190 2918 223 2955 4.
248 2916 287 2956 οὗ
306 2923 414 2955 vitium
436 2926 479 2955 est
501 2923 572 2955 edit.
590 2923 698 2957 Petuv.
724 2923 828 2955 Coton.
847 2930 896 2954 rc·
941 2922 1025 2963 quod
1056 2923 1183 2971 uerbum
1214 2923 1354 2955 similiter
1383 2925 1568 2963 usurpatum
1600 2923 1694 2957 baben

144 2970 224 3045 pub.
260 3014 401 3046 Fortasse
426 3015 622 3046 scribendum
654 3016 897 3056 συγκαταινιῖν,
949 2967 1221 3044 'tagini’gzx'gt
1251 3030 1290 3037 —
1343 3014 1367 3045 l.
1392 3011 1622 3056 προτιμότερον.
1644 3016 1694 3049 vir

147 3058 195 3091 vet
218 3057 516 3103 συγκαταβαίνειν,
553 3062 608 3093 aut
632 3060 898 3104 συγκαταβῆναι,
944 3060 1052 3093 doctus
1074 3061 1106 3092 tn
1130 3068 1231 3102 mora.
1256 3060 1389 3103 exempti
1413 3060 1596 3095 semeiam.

1729 2447 1860 2515 xxxii.
