2020 3276
348 200 429 242 760

347 287 507 321 Ieiunium
543 291 680 331 quartae
712 292 747 319 et
780 290 894 319 sextae
927 284 1032 319 feriae
1062 284 1096 318 in

393 343 532 377 ecclesia
556 345 634 375 910.
663 362 707 368 -
754 342 798 376 de
821 353 863 376 eo
891 341 1098 387 apostolicae

394 399 650 434 constitutiones
672 398 752 432 ibid.

349 456 473 490 Ieiunia
497 455 694 490 Iudaeorum
718 459 794 491 169.

347 513 448 547 Ielxei
479 513 797 559 pseudoprophetae
831 525 975 559 nomeu,
1011 513 1100 548 unde

393 570 580 604 derivatum
601 573 658 603 41.

348 627 486 672 Iephtse
510 626 578 661 filia
600 627 729 661 Sicimis
754 628 884 668 colitur,
910 629 999 663 unde
1022 629 1100 663 ido-

392 683 527 718 lolatris
546 684 654 718 fertur
675 685 870 730 profluxisse
890 688 989 721 10⁶5.

349 742 438 774 Iesus
462 753 528 786 quo
552 748 706 787 tempore
730 749 782 776 est
803 742 989 789 baptizatus
1023 747 1100 778 439.

349 799 439 831 Iesus
463 797 544 843 quid
566 798 731 843 significet
755 800 907 834 Hebraeo
933 803 1010 835 180.

349 856 439 888 Iesus
461 855 611 889 secundo
635 856 779 902 losepho
802 864 943 903 apparet
967 860 1042 891 138.

349 912 438 956 Ignis
472 919 506 945 et
539 923 624 957 aqua
656 925 717 958 per
739 924 837 959 quam
870 914 1029 949 transitus
1053 915 1101 958 fit,

395 969 566 1014 quomodo
589 970 747 1014 explicari
771 971 878 1016 possit
901 974 979 1006 570.

350 1026 463 1060 Inachi
486 1037 609 1060 nomen
634 1026 748 1061 datum
771 1027 873 1062 fluvio
897 1032 952 1062 11.

349 1083 490 1134 Inachus
513 1089 666 1128 tempore
690 1084 815 1130 Moysis
835 1086 925 1131 apud
957 1087 1103 1122 Graecos

397 1143 452 1173 11.

350 1198 501 1231 Incertus
533 1204 651 1232 unctor
674 1198 727 1232 cit.
765 1197 803 1243 (ὅ
821 1199 980 1244 κρείττων
1003 1200 1104 1246 ἐμοῦ)

397 1257 452 1293 64,
475 1257 507 1287 8.
532 1261 567 1288 et
591 1258 646 1288 67.
671 1262 706 1289 et
733 1259 786 1288 70.

352 1311 520 1345 indiculus
562 1312 672 1346 brevis
716 1312 898 1348 haereseon
953 1327 1037 1360 quae
1070 1317 1103 1350 iu

396 1376 492 1402 sexto
513 1375 609 1402 tomo
631 1369 856 1413 continentur,
879 1371 912 1405 iu
935 1384 1002 1417 quo
1020 1373 1103 1407 hae-

396 1437 486 1459 reses
508 1432 586 1459 sunt
608 1434 736 1472 septem
761 1430 826 1461 808
851 1435 885 1461 et
909 1431 986 1463 809.

353 1482 520 1516 Indiculus
545 1483 719 1517 continens
741 1484 930 1519 octodecim
953 1486 1105 1521 haereses

399 1540 483 1573 tomi
508 1540 614 1585 quarti
640 1543 717 1573 396.
743 1544 818 1574 397.
845 1545 922 1575 398.

354 1596 522 1630 indiculus
545 1597 719 1631 continens
742 1610 902 1633 summam
924 1601 1107 1635 haereseon

399 1654 492 1687 tertii
517 1654 625 1695 tomi,
661 1666 746 1700 quae
767 1667 905 1690 numero
931 1665 1009 1691 sunt
1032 1665 1101 1691 tre-

401 1711 510 1745 decim
535 1714 611 1746 229.

358 1768 522 1802 Indiculus
556 1769 739 1803 haereseon
778 1782 863 1816 quse
898 1771 1109 1805 continentur

402 1833 496 1860 tomo
520 1826 659 1871 quinto,
681 1826 716 1860 in
742 1839 807 1873 quo
829 1828 983 1861 haereses
1007 1830 1108 1875 quin-

402 1895 467 1928 que
490 1891 705 1917 numerantur
727 1887 792 1918 60⁶
817 1892 852 1918 et
875 1888 953 1919 606.

357 1940 521 1974 lndiculus
555 1941 736 1975 haereseon
778 1953 862 1987 quae
896 1943 1110 1976 continentur

401 2004 494 2030 tomo
517 1997 662 2042 septimo
697 2005 731 2031 et
752 1992 830 2031 su'nt
862 2010 1000 2033 numero
1023 2011 1108 2044 qua-

401 2060 480 2088 tuor
503 2057 579 2087 993.

359 2111 502 2156 ingeniti
534 2122 655 2145 nomen
678 2110 712 2144 in
736 2111 907 2157 scripturis
931 2123 1000 2146 nou
1021 2111 1110 2158 legi-

404 2176 460 2202 tur
487 2171 564 2202 941.

360 2227 499 2260 Ioannes
511 2237 568 2259 cur
581 2226 787 2270 evangelium
797 2226 966 2271 scripserit
978 2229 1056 2260 433.
1067 2245 1110 2253 -

406 2283 540 2328 quando
572 2289 606 2316 et
639 2294 702 2328 qua
735 2290 846 2317 aetate
877 2284 1023 2317 scribere
1053 2283 1110 2318 in-

407 2339 517 2384 coepit
541 2342 618 2373 344.
645 2360 685 2365 —
732 2340 793 2373 sub
827 2340 967 2374 Cocceio
999 2341 1111 2374 Nerva

405 2403 582 2431 revocatus
605 2403 657 2430 est
678 2397 720 2430 ab
744 2397 844 2431 exilio
866 2397 946 2431 ibid.
971 2417 1013 2424 —
1048 2410 1110 2431 ve-

404 2465 478 2487 rum
502 2461 632 2499 tempus
655 2461 689 2487 et
712 2454 906 2500 mysterium
929 2454 1112 2488 nativitatis

409 2510 531 2544 Christi
554 2511 717 2555 evangelii
738 2511 788 2544 sui
811 2511 950 2546 exordio
982 2512 1113 2557 speruit

406 2567 487 2601 ibid.
513 2574 548 2601 et
570 2570 648 2601 435.

362 2625 495 2659 Ioannis
518 2625 659 2659 historia
675 2625 834 2660 Ebionem
856 2626 890 2660 in
913 2626 1035 2660 balneo
1055 2627 1114 2660 fu-

408 2682 528 2726 gientis
543 2707 552 2723 ,
574 2694 618 2716 ne
642 2695 716 2717 cum
740 2695 781 2716 eo
803 2683 931 2717 lavaret
954 2687 1031 2717 148.

365 2738 496 2772 Ioannis
530 2740 698 2783 quomodo
721 2752 787 2774 vox
818 2740 966 2782 dicutur,
1003 2740 1110 2786 expli·

411 2805 504 2831 catur
529 2801 603 2831 764.

365 2854 497 2887 Ioannis
531 2854 735 2899 evangelium
757 2854 966 2888 divinitatem
992 2854 1113 2888 Christi

410 2917 488 2942 ante
512 2911 621 2944 omnia
646 2911 774 2944 detexit
798 2914 862 2944 747

366 2966 499 2998 Ioannis
523 2967 690 3010 Baptistae
723 2968 766 3001 de
793 2968 926 3002 Christo
957 2967 1114 3002 testimo-

411 3022 503 3054 nium
524 3025 602 3056 516.

367 3077 501 3114 Ioannis
534 3079 737 3125 evangelium
772 3087 805 3114 et
829 3084 912 3115 Acta
935 3080 1111 3127 apostolo-

953 203 1100 239 11*an
1121 203 1293 240 nulum.

1187 297 1260 319 rum
1284 297 1303 319 e
1327 285 1458 319 Graeco
1490 285 1526 321 in
1549 285 1749 322 Heln-ien-
1778 291 1893 321 mn·-

1188 342 1256 376 Ists
1278 354 1466 376 sermonem
1498 343 1532 377 in
1567 343 1762 379 rudsoom-
1790 354 1894 390 guo-

1189 399 1351 445 phylaciis
1375 399 1500 434 servari
1524 403 1601 434 127.

1146 458 1282 490 Ioannes
1307 457 1456 502 Baptista
1488 468 1548 492 cur
1579 456 1733 492 arundini
1755 468 1895 503 conpu-

1190 520 1280 547 rstus
1318 519 1354 546 et
1389 513 1595 548 mollioribus
1641 513 1789 548 vestibus
1826 524 1896 548 uon

1191 577 1343 604 uteretur
1365 573 1419 605 88,
1444 589 1488 597 —·
1533 582 1591 605 cur
1622 570 1730 606 maior
1749 569 1810 605 isso
1840 570 1896 617 qui

1191 627 1299 660 minor
1323 634 1374 660 est
1395 627 1430 661 iu
1453 639 1558 673 regno
1582 627 1752 663 coelorum
1775 629 1830 664 8⁹.

1147 685 1288 717 Ioannes
1311 684 1516 728 evangelium
1536 684 1707 730 quomodo
1728 684 1898 731 scripserit

1192 743 1271 774 441.

1151 797 1221 831 lobi
1244 797 1440 843 genealogia
1464 801 1519 831 10.

1150 854 1281 900 losephi
1314 855 1453 888 historia
1487 866 1527 888 ex
1550 855 1728 902 Epiphanii
1759 860 1898 890 seuten-

1194 911 1240 945 tiu
1266 913 1365 945 1039.
1391 930 1430 937 -—
1479 912 1618 946 Iacobus
1649 911 1719 947 eius
1749 912 1836 947 filius
1859 924 1900 948 ex

1194 968 1307 1013 priore
1330 979 1454 1010 uxore,
1492 968 1550 1014 qui
1585 975 1620 1003 et
1645 968 1752 1004 freter
1767 969 1900 1006 ,domini

1195 1024 1369 1059 dicebatur
1390 1025 1471 1058 ibid.

1151 1082 1310 1126 Iosephus
1352 1083 1584 1128 octogenarius
1625 1083 1765 1118 Marinus
1810 1083 1902 1119 ducit

1197 1140 1296 1172 1040.

1152 1197 1312 1242 Iosephus
1335 1196 1469 1242 quando
1490 1203 1643 1231 mortuus
1667 1200 1781 1232 1049.Δ

1151 1254 1309 1299 Iosephus
1329 1254 1482 1299 princeps
1504 1254 1702 1289 lud-eorum
1723 1255 1762 1290 lit
1785 1255 1903 1290 Gentes

1196 1323 1215 1344 a
1241 1311 1462 1346 Constantino
1485 1313 1610 1356 Magno
1634 1314 1711 1346 188.
1739 1331 1780 1339 -
1813 1312 1903 1347 idem

1195 1368 1238 1402 ab
1271 1369 1476 1414 Imperatore
1499 1369 1658 1414 impetret
1687 1375 1723 1403 ut
1745 1369 1904 1404 oodoni„

1195 1426 1229 1459 iu
1265 1426 1428 1459 honorem
1469 1425 1592 1459 Christi
1627 1426 1662 1459 in
1707 1425 1903 1461 lud-eorum

1196 1482 1328 1528 oppidis
1352 1489 1624 1516 construerentur
1645 1485 1723 1519 180.

1154 1540 1310 1586 Iosephus
1333 1551 1433 1573 senex
1457 1539 1688 1585 octogenos-ius
1718 1539 1904 1586 despum-

1196 1605 1250 1630 tus
1266 1597 1391 1631 Mariae
1410 1596 1546 1642 virginis
1564 1608 1623 1630 sex
1642 1608 1663 1630 e
1682 1596 1786 1642 priori
1800 1604 1904 1631 uxore

1197 1653 1335 1687 sublatis
1375 1653 1468 1687 libris
1482 1679 1490 1694 ,
1533 1665 1596 1687 uec
1634 1653 1906 1688 cousuetudinem

1197 1711 1314 1745 habuit
1337 1723 1411 1744 cum
1434 1711 1538 1744 Maris
1571 1713 1652 1746 4⁸2.
1679 1729 1720 1737 —
1765 1723 1824 1745 cur
1848 1718 1903 1746 tu-

1198 1779 1275 1802 men
1311 1768 1362 1801 vir
1386 1767 1513 1801 Mariae
1547 1766 1735 1812 appellatus
1763 1767 1846 1802 ibid.
1872 1775 1908 1803 et

1199 1827 1276 1859 433.
1305 1844 1345 1850 -
1391 1823 1451 1857 sed
1474 1824 1609 1858 nomine
1631 1831 1732 1858 tenus
1750 1826 1832 1859 488.

1156 1882 1314 1927 Iosephus
1333 1881 1494 1926 templum
1514 1881 1603 1926 apud
1621 1881 1760 1915 Iud-eos
1774 1872 1906 1917 Chri-'to

1199 1950 1327 1973 sacrum
1347 1938 1470 1972 extruit
1482 1950 1550 1972 non
1566 1938 1638 1972 sine
1653 1938 1813 1973 miraculo
1828 1941 1906 1974 188.

1157 1996 1315 2041 Iosephus
1336 2007 1378 2029 ue
1394 1996 1436 2030 ab
1460 1995 1589 2029 Arionis
1613 1995 1821 2038 initiaretur,
1843 1997 1908 2031 fie-

1200 2060 1316 2099 retque
1340 2053 1526 2098 episcopus,
1551 2052 1715 2087 secundus
1739 2054 1908 2088 contruxit

1199 2110 1332 2155 nuptias
1355 2112 1432 2143 129.

1158 2167 1317 2212 Iosephus
1350 2167 1454 2201 vicem
1486 2167 1591 2212 patris
1616 2165 1738 2202 christi
1759 2167 1909 2212 gerebat,

1201 2224 1261 2258 sed
1294 2236 1331 2258 re
1365 2235 1445 2258 veru
1480 2236 1549 2258 nou
1582 2231 1655 2258 erut
1687 2224 1776 2258 illius
1810 2231 1910 2271 puter

1203 2284 1280 2315 155.

1158 2339 1318 2383 Iosephus
1341 2350 1360 2371 a
1386 2338 1514 2372 Iudaeis
1544 2338 1631 2372 male
1653 2337 1814 2372 nult-tur
1835 2348 1909 2372 cun

1201 2407 1264 2441 pro
1289 2395 1354 2429 fide
1377 2407 1491 2441 passus
1515 2403 1567 2430 est
1591 2398 1667 2429 188.

1160 2452 1289 2498 Iosephi
1325 2453 1453 2486 comitis
1476 2453 1615 2488 historia
1648 2452 1732 2487 dicti
1753 2451 1909 2488 'rihwin-

1203 2509 1314 2543 densis
1339 2513 1417 2543 128.

1160 2568 1300 2612 Iosepho
1324 2567 1382 2600 lilii
1405 2567 1540 2601 fuerunt
1563 2579 1604 2601 ex
1626 2567 1691 2602 alis
1714 2576 1907 2603 uxore'uou

1204 2637 1243 2658 ex
1263 2624 1390 2669 virgine
1414 2625 1538 2666 Maria,
1562 2630 1700 2658 auctore
1722 2622 1908 2669 Epiphanio

1205 2684 1281 2715 115.

1161 2741 1313 2773 Irenaeus
1335 2739 1424 2772 inter
1448 2737 1563 2772 Gallos
1587 2737 1711 2783 degens
1730 2738 1806 2770 174.

1161 2798 1312 2829 irenaeus
1335 2795 1467 2840 scripsit
1491 2802 1606 2829 contra
1627 2792 1801 2828 ussitidem
1816 2793 1908 2827 eius-

1204 2865 1268 2898 que
1290 2853 1451 2886 haeresim
1477 2855 1530 2885 73.

1162 2911 1253 2943 Isaac
1274 2909 1332 2942 filii
1356 2909 1423 2942 duo
1449 2911 1534 2942 &au
1555 2914 1590 2941 et
1614 2906 1713 2940 Iacob
1737 2909 1768 2940 9.

1161 2969 1288 3001 Isaacus
1310 2973 1388 3012 post
1410 2970 1580 3010 susceptos
1603 2963 1725 2997 liberos
1749 2974 1824 2997 cum
1837 2963 1907 2997 uo-

1203 3023 1327 3065 becca,
1353 3034 1420 3056 nou
1444 3021 1584 3066 amplius
1616 3020 1792 3055 cousuevit
1815 3020 1907 3054 1054
