2020 3276
357 207 440 250 662
818 211 1036 246 ADDENDA
1059 211 1120 247 m·
1144 210 1444 246 commatum.

358 301 435 340 post
458 293 507 333 εἰς
527 297 618 333 νῖκος
639 291 869 335 καταλείψειν.
884 310 932 318 -
976 291 1000 327 l.
1017 290 1069 327 16.
1090 293 1140 339 τῷ
1158 292 1295 338 πονηρῷ
1316 288 1448 332 ἀδίκως
1463 287 1547 328 αύτό
1572 288 1794 336 λυμηναμένη)
1814 290 1902 327 ven.

360 371 399 377 -
424 351 447 384 Ι.
471 350 521 385 17.
559 345 730 394 ἀνατηξας
764 345 904 385 ἔδευσεν
921 368 942 375 -
962 367 984 375 -
1004 347 1174 394 κεραμεῦς
1203 347 1222 385 ὁ
1241 346 1466 386 ἀναπλάσσων
1486 343 1592 394 ἄγγος
1611 348 1696 387 ven.
1717 365 1764 376 -·-
1809 346 1834 382 1.
1850 346 1903 383 18.

359 408 494 452 Con-rige
515 405 579 446 οἷα,
605 418 678 440 cum
704 406 912 447 Combefisio,
938 418 1000 452 pro
1019 405 1083 448 οἵα,
1107 406 1198 453 qnod
1216 406 1342 440 habent
1362 405 1444 439 editi
1465 416 1593 440 omnen.
1610 423 1656 433 -
1699 403 1726 439 1.
1740 401 1797 440 24.
1821 399 1905 440 ἀνα-

358 462 540 509 κοσμήσας
565 463 660 503 ἰδίως
683 462 822 499 ἕκαστον
844 465 927 498 Ven.
948 483 995 490 —
1039 463 1062 498 1.
1076 463 1130 500 26.
1156 461 1326 510 βιώσαντα
1344 464 1428 496 Ven.
1453 481 1498 488 —
1542 461 1565 496 1.
1577 461 1611 498 7.
1628 460 1674 498 ab
1690 460 1753 497 inf.
1777 459 1905 506 Δανιὴλ

358 522 417 558 καὶ
436 521 552 558 πολλοὶ
578 522 663 555 Ven.
690 540 734 546 —
779 520 803 555 1.
819 518 853 555 4.
877 521 919 555 ab
942 520 1005 555 inf.
1039 520 1131 566 ῥίζαν
1158 520 1296 560 τελείως
1326 519 1393 564 τῆς
1423 531 1493 555 πον.
1524 519 1609 557 Van.
1654 517 1749 554 uo-
1767 517 1839 554 La.
1861 517 1904 552 nb

357 579 419 612 inf.
446 578 581 614 ἔκτασιν
602 575 723 622 αὐτῆς.
748 597 791 604 --
837 577 861 612 l.
880 578 1007 622 penult.
1040 579 1172 614 παντελ.
1195 574 1315 618 αὐταῖς
1344 576 1453 622 ῥίζαις
1472 573 1584 621 αύτῆς
1603 576 1688 613 Vm·
1709 590 1756 605 --
1800 574 1824 610 l.
1841 574 1904 610 ult.

417 642 528 680 ,post
552 646 733 680 σωματος,
757 647 824 670 οιιι.
852 635 935 669 Ven.

391 647 559 739 ςΡις.
572 692 676 730 29⁶.
719 692 742 725 l·
760 692 792 727 ’2.
826 690 971 739 βλαστὸν
995 689 1050 737 ἐφ’
1077 690 1177 737 ημῶν
1199 692 1283 725 ven.
1335 690 1428 724 Idem
1458 688 1582 724 deinde
1609 688 1837 735 ἐκθρέψαντι.
1859 708 1906 718 —-

359 749 383 784 1.
399 749 434 784 3.
467 746 554 784 ἀλλὰ
579 762 628 794 μη
663 747 892 794 στειριόσαντα
920 750 1004 784 Ven.
1029 768 1071 774 —
1119 749 1142 782 1.
1161 746 1194 782 4.
1229 747 1289 783 καὶ
1319 746 1605 793 συμπιπλιιίσαντα
1630 746 1681 792 (h.
1697 757 1729 781 e.
1750 746 1786 781 ιιί
1806 746 1907 782 fallor

360 805 640 851 συμπιλώσαντα)
662 808 744 840 Ven.
794 805 853 842 καὶ
872 803 1146 851 συμπειλήσαντα
1166 807 1238 839 Bas.
1265 824 1309 831 —
1354 805 1377 838 1.
1392 806 1425 838 5.
1451 802 1595 851 βλάπτον
1614 802 1679 849 πρὸ
1695 805 1755 841 τοῦ
1776 802 1908 848 συμφέ-

360 875 472 907 ροντος
490 863 614 907 μᾶλλον
634 864 778 908 τιμῆσαι
801 864 886 897 ven.
912 882 957 889 —
1003 863 1025 896 1.
1042 864 1075 898 ὅ.
1100 862 1224 903 κακίας
1247 857 1274 906 ἦ
1303 858 1433 906 ἀρετ-ῆς
1455 862 1540 895 Ven.
1589 859 1683 895 Iden
1700 861 1726 896 1.
1741 860 1795 897 10.
1817 857 1908 897 πλά-

361 931 432 964 σμα
452 919 503 966 τῷ
523 917 708 964 πλάσαντι,
732 927 767 954 et
790 920 890 965 paulo
913 927 991 965 post
1012 915 1121 960 οὕτως
1139 915 1165 964 η’
1186 915 1315 960 οὕτωςς
1361 918 1449 958 Πῶς
1471 916 1548 963 γὰρ.
1573 937 1615 944 -
1660 917 1684 953 1.
1700 921 1752 954 11.
1777 916 1906 960 ἅλα-τος

359 977 419 1014 καὶ
441 975 484 1012 σύ
508 976 587 1024 λέξῃ
613 978 701 1020 (sine
725 976 802 1022 Διὸ)
835 979 919 1011 Ven.
943 997 987 1004 —
1032 977 1056 1010 1.
1080 976 1131 1011 14.
1169 972 1278 1017 οὕτως
1301 973 1503 1020 κατακριθὲν
1534 974 1584 1016 είς
1611 973 1652 1011 τό
1682 970 1907 1021 ἀλγύνεσθαις

359 1033 520 1080 Προσχὲς
547 1033 612 1079 γὰρ
645 1030 740 1074 ὅπως
773 1030 884 1078 ὥςπερ
915 1031 1024 1071 ἀκοντ.
1049 1033 1068 1071 ὅ
1088 1031 1210 1070 ἀπόστ.
1231 1036 1262 1070 δ.
1287 1031 1563 1078 συνεστραμμένα
1592 1028 1730 1078 ῥήματα
1750 1027 1842 1066 Ὑοιιῖ
1864 1049 1908 1060 --

359 1092 383 1125 l.
404 1091 456 1126 17.
479 1087 536 1136 ἀγ.
560 1089 765 1136 έγκύπτουσι
791 1096 861 1132 τοῖς
892 1090 1004 1137 λόγοις
1024 1093 1107 1125 Ven.
1134 1110 1175 1117 -—
1222 1091 1244 1126 l.
1260 1091 1316 1126 21.
1349 1089 1618 1133 καταλείψαντες
1638 1082 1681 1125 οὗ
1700 1087 1764 1134 τήν
1787 1087 1910 1132 σκέψιν

362 1147 461 1184 ἕνεκα
479 1146 606 1192 ταύτην
630 1140 715 1183 V'en.
740 1170 784 1177 —
830 1149 854 1182 1.
874 1149 906 1183 8.
927 1149 968 1182 ab
991 1148 1053 1182 inf.
1090 1146 1160 1192 μῆ,
1185 1154 1264 1182 ante
1284 1146 1341 1183 ἐπὶ
1361 1147 1480 1192 κακῷ,
1505 1158 1571 1183 οιιι.
1591 1146 1677 1181 Vm.
1723 1145 1816 1181 Idem
1833 1145 1858 1180 l.
1874 1145 1908 1182 7.

360 1206 403 1239 ab
434 1205 496 1239 inf.
536 1203 705 1250 ὠφέλιμον
734 1204 753 1241 ὁ
787 1204 861 1243 θάν.
887 1225 928 1231 -
975 1205 998 1240 l.
1016 1207 1050 1240 5.
1070 1205 1196 1239 abins.
1231 1200 1472 1249 αύστηρότατα
1497 1203 1549 1251 τῷ
1578 1203 1728 1240 νοσοῦντι
1755 1203 1840 1239 Veu.
1866 1221 1909 1234 --

360 1263 384 1297 l·
403 1262 435 1299 3.
459 1263 500 1296 ab
523 1262 586 1296 inf.
613 1260 711 1309 (ρ’δῆς
734 1262 784 1299 ἔτι
805 1264 863 1299 τοῦ
889 1265 975 1298 ven.

451 1320 560 1367 1³⁸3.
581 1321 684 1357 298.
731 1320 754 1353 l.
769 1321 802 1355 2.
835 1316 862 1366 ἦ
881 1319 919 1356 τό
943 1319 1003 1357 διὰ
1023 1320 1122 1356 τοῦτο
1144 1320 1233 1354 ven.
1260 1337 1301 1344 -
1347 1318 1370 1352 l.
1390 1316 1423 1353 4.
1451 1319 1590 1364 hepone
1612 1318 1700 1355 σόον
1720 1329 1784 1364 pro
1807 1319 1904 1361 mm.

361 1397 403 1404 —
429 1377 453 1410 l.
467 1375 500 1411 6.
528 1373 566 1412 ού
587 1373 710 1417 σκότος
731 1389 796 1411 οιιι.
822 1373 907 1412 ven.
956 1377 1046 1411 Idem
1071 1377 1096 1411 1.
1113 1377 1146 1413 7.
1172 1373 1239 1412 ἀπὸ
1271 1376 1338 1420 τῆς
1367 1371 1507 1421 ἀγάπης
1535 1372 1690 1422 χωρήσει
1720 1375 1786 1421 (ita
1807 1375 1910 1413 etim

363 1434 456 1479 Bas.)
479 1434 539 1469 τοῦ
571 1433 704 1478 κυρίους
742 1429 761 1470 ὃ
795 1433 870 1479 ὲρμ.
898 1453 936 1460 --
983 1434 1006 1467 1.
1030 1435 1082 1470 10.
1109 1429 1212 1475 ‘'Ote,
1247 1439 1326 1466 ante
1355 1431 1487 1477 ἕνεκεν,
1523 1443 1589 1468 οιιι.
1611 1433 1696 1466 Vm.
1721 1451 1762 1459 —-
1811 1431 1836 1467 1.
1853 1431 1907 1467 12.

363 1497 451 1524 Ante
470 1487 710 1535 ’Δληθέστατα
741 1503 804 1537 pro
827 1491 955 1537 virgula
979 1503 1069 1537 pone
1090 1497 1260 1536 punctum.
1286 1509 1328 1515 ·-
1374 1489 1398 1525 l.
1420 1489 1472 1524 13.
1497 1487 1660 1535 πατάξω,
1690 1489 1751 1526 καὶ
1770 1486 1912 1534 ἰάσομαι

362 1550 450 1583 Ven.
498 1548 591 1581 idem
611 1548 633 1582 Ι.
655 1547 708 1582 14.
733 1545 801 1584 ἀπὸ
822 1549 888 1594 τῆς
907 1546 1059 1594 ἀγάπης.
1085 1567 1127 1574 --
1173 1547 1197 1581 l.
1213 1549 1264 1582 15.
1287 1543 1406 1591 Ἰησοῦ
1428 1558 1495 1580 om.
1516 1548 1602 1582 Van.
1628 1565 1673 1573 -
1716 1546 1740 1582 l.
1761 1545 1814 1582 17.
1837 1544 1910 1591 μὶν,

363 1612 443 1651 post
460 1606 588 1650 ταῦτα,
613 1616 678 1640 οιιι.
701 1607 785 1640 Ven.
815 1625 854 1632 ·-
899 1606 924 1640 1.
938 1607 984 1640 20
1017 1603 1217 1650 προςιόντων
1238 1603 1326 1650 γὰρ,
1349 1603 1455 1650 φησὶν
1476 1604 1560 1639 Ven.
1587 1622 1628 1629 —-
1674 1603 1696 1638 1.
1714 1601 1771 1639 22.
1794 1599 1911 1648 ῦγιαί-

363 1675 430 1704 νει,
468 1658 521 1699 ’ὅτι
541 1661 589 1708 μὴ
612 1667 707 1699 νοσεῖ
723 1664 807 1698 Ven.
837 1682 875 1689 -
921 1663 944 1696 1.
961 1662 1015 1698 26.
1039 1657 1066 1707 ἧ
1085 1661 1144 1698 καὶ
1164 1659 1412 1707 ἀπογινομένων
1434 1661 1518 1695 ven.
1566 1659 1658 1694 Idem
1674 1660 1699 1695 1.
1714 1660 1770 1697 27.
1795 1655 1912 1697 &52-

365 1721 500 1764 θρωπος
523 1720 612 1764 (sine
634 1717 682 1764 ὁ).
708 1740 746 1746 —-
797 1721 820 1754 l.
836 1720 870 1755 6.
890 1721 932 1754 ab
955 1720 1016 1754 ius.
1053 1720 1110 1763 αἱ,
1144 1726 1223 1753 ante
1241 1717 1370 1764 ψυχαὶ,
1394 1729 1460 1751 οιιι.
1486 1719 1571 1751 Ven.
1596 1737 1640 1744 —
1684 1717 1708 1752 l.
1723 1716 1759 1753 6.
1778 1717 1823 1751 ab
1845 1717 1908 1752 inf.

366 1774 509 1817 αύτούς,
543 1776 602 1812 καὶ
632 1778 669 1813 αἱ
702 1778 811 1824 ψυχαὶ
839 1779 924 1815 Ven.
957 1778 1074 1811 Recte.
1121 1778 1158 1810 ln
1190 1777 1263 1810 Bas.
1293 1782 1343 1811 est
1366 1775 1403 1810 αἱ
1421 1773 1481 1810 καὶ
1503 1777 1543 1818 ψ.
1587 1773 1674 1809 Ibid.
1694 1775 1776 1809 Van.
1802 1773 1913 1820 pergit

364 1830 454 1869 Ἀλλ’
472 1829 561 1869 οὕτε.
581 1853 626 1861 -
671 1835 694 1868 1.
709 1834 743 1869 4.
762 1835 804 1869 ab
821 1835 883 1869 inf.
911 1832 1128 1882 βεβούλευται
1147 1834 1230 1867 ven.
1246 1851 1291 1858 —
1335 1831 1360 1867 l.
1375 1831 1434 1866 ult.
1459 1829 1650 1879 καταβάσει
1670 1828 1721 1872 οἷς
1738 1831 1807 1872 πᾶς
1826 1832 1912 1867 ven.

455 1891 563 1938 Peg.
582 1892 686 1928 3⁰⁰.
730 1892 753 1926 l.
769 1892 801 1926 2.
835 1892 895 1927 τοῦ
922 1890 972 1936 μή
997 1889 1081 1927 εἶναι
1098 1888 1138 1927 τὸ
1160 1887 1244 1925 εἶναι
1266 1890 1350 1922 Ven.
1375 1908 1416 1914 —
1464 1889 1487 1922 1.
1502 1888 1535 1923 3.
1567 1887 1607 1925 τὸ
1629 1887 1733 1935 χείρω
1754 1882 1873 1933 ἤρατο
1891 1885 1916 1925 ὅ·

363 1946 512 1990 ποιήσας
530 1959 561 1982 τι
582 1960 614 1982 κ.
638 1946 658 1984 ὁ
683 1947 783 1990 θεὸς;
829 1945 921 1984 Ἀλλ’
950 1945 1047 1984 ου’δὲν
1069 1945 1088 1984 ὅ
1108 1945 1190 1986 θεὸς
1221 1945 1374 1991 ματαίως
1401 1944 1502 1992 έχειρ.
1530 1946 1614 1981 Ven.
1659 1946 1726 1980 Pro
1742 1941 1861 1992 γῖριῑτο
1877 1944 1914 1978 in

366 2007 439 2038 Bas.
473 2010 524 2038 est
555 2004 674 2049 έρεῖτο.
700 2025 743 2031 -
787 2005 811 2039 1.
826 2007 859 2040 5.
893 2003 920 2050 τί
953 2004 1071 2050 Σοφία
1104 2003 1280 2048 συνίστησι
1307 2004 1392 2037 Ven.
1424 2004 1522 2036 Bene.
1547 2014 1609 2028 —·
1636 2002 1660 2036 1.
1674 2001 1708 2038 6.
1743 2001 1835 2048 λέγ.,
1868 2000 1914 2038 τὰ

364 2060 475 2097 πάντα
502 2062 587 2094 Ven.
635 2062 729 2096 Idem
749 2062 773 2096 1.
796 2063 829 2099 7.
854 2062 963 2096 omitt.
995 2059 1015 2098 δ
1037 2067 1115 2094 ante
1146 2060 1295 2100 Παῦλος.
1320 2079 1362 2086 -
1407 2059 1503 2095 1.12.
1541 2057 1762 2105 ματαιότητι,
1794 2058 1912 2104 φησὶν,

365 2118 391 2165 τί
415 2120 524 2160 κτίσις
546 2120 630 2153 Ven.
655 2137 700 2145 -
745 2119 768 2152 1.
788 2119 839 2154 18.
865 2121 939 2155 διοῦ
965 2119 1016 2163 (h.
1041 2130 1069 2152 e.
1096 2114 1139 2154 δι’
1162 2112 1219 2163 οὗ)
1248 2115 1400 2159 στενάζει
1426 2118 1511 2151 Ven.
1557 2116 1651 2151 Idem
1671 2116 1695 2150 1.
1712 2115 1765 2152 19.
1790 2113 1916 2160 σόμα·

365 2189 422 2217 τος
442 2175 663 2222 ἐκδεχομένη.
684 2195 727 2202 —-
773 2176 796 2209 l.
813 2176 867 2211 21.
893 2173 1078 2220 ἀνάστηθι,
1103 2174 1163 2210 καὶ
1183 2173 1324 2210 κάθισον
1342 2175 1427 2208 Van.
1473 2173 1567 2208 Idem
1582 2173 1605 2207 1.
1618 2173 1674 2210 22.
1696 2171 1914 2218 ἐλευθερώθη

366 2232 414 2278 δὴ
437 2233 495 2269 καὶ
515 2229 616 2278 αύτῆ.
642 2253 685 2258 -
731 2233 755 2267 1.
773 2233 828 2268 23.
854 2234 1005 2278 Οἴδαμεν
1030 2230 1107 2277 γὰρ,
1132 2231 1248 2277 φησὶν,
1273 2226 1326 2267 ὅτι
1349 2232 1433 2266 ven.
1459 2249 1500 2257 —
1546 2230 1570 2264 1.
1586 2227 1643 2265 24.
1665 2227 1752 2266 ἀλλὰ
1772 2228 1832 2266 καὶ
1851 2226 1915 2266 αύ·

365 2289 429 2335 τήν
448 2289 512 2335 τήν
535 2292 606 2324 Bas.
633 2309 675 2316 —
719 2290 743 2324 l.
761 2290 816 2324 ¹25.
853 2288 915 2335 τήν
945 2289 1116 2325 υἱοθεσίαν
1140 2290 1224 2323 Ven.
1252 2309 1292 2314 —
1336 2288 1359 2324 l.
1378 2287 1434 2323 27.
1467 2285 1508 2328 ὁ,
1542 2294 1622 2322 ante
1651 2283 1810 2331 ούρανὸς,
1845 2297 1912 2322 οιιι.

366 2350 451 2382 Ven.
498 2347 590 2381 Idem
610 2347 692 2381 ibid.
720 2347 805 2383 ποιῶ
824 2347 931 2391 μένειν
952 2344 1099 2382 ἐνώπιον.
1125 2365 1169 2372 -
1214 2346 1237 2379 1.
1252 2345 1273 2381 7
1295 2352 1330 2379 et
1348 2345 1380 2380 6.
1402 2345 1444 2379 ab
1461 2344 1523 2378 inf.
1548 2337 1645 2384 οὗτος
1665 2341 1747 2384 θεὸς
1768 2341 1789 2381 ὅ
1810 2355 1915 2381 κατι·

369 2402 541 2445 σκευάσας
565 2406 649 2438 Ven.
696 2404 790 2438 Idem
813 2404 837 2437 l.
859 2405 892 2438 ὁ.
916 2404 958 2438 ab
979 2403 1041 2437 inf.
1078 2403 1127 2444 εἰς
1148 2401 1244 2439 κενὸν
1273 2398 1403 2448 αύτήν,
1438 2399 1535 2438 ἀλλὰ.
1560 2421 1602 2428 -
1647 2401 1672 2435 1.
1691 2400 1820 2447 penult.
1841 2398 1913 2450 τὸν,

366 2469 446 2497 ante
469 2458 627 2506 ούρανόν,
652 2473 718 2497 om-
742 2462 826 2496 Ven.

457 2520 564 2566 ¹¹³3·
579 2520 682 2557 3⁰2.
725 2518 749 2552 l.
766 2519 799 2553 2.
828 2515 986 2562 τοιαύτην
1006 2515 1268 2554 έπικατάστασιν
1302 2516 1373 2554 οἵαν
1401 2517 1462 2553 καὶ
1486 2515 1551 2561 πρὸ
1571 2517 1640 2562 τῆς
1657 2519 1748 2555 διακ-
1769 2509 1814 2563 ἦν
1834 2519 1914 2553 δια-

368 2575 466 2612 λυθὲν
491 2578 573 2609 Ven.
598 2595 643 2602 —-
687 2576 710 2611 l.
725 2577 758 2613 7.
783 2574 963 2620 προφήτης
982 2571 1170 2611 ἀπολέσθαι
1192 2574 1252 2620 μὲν
1271 2573 1328 2610 τὸν
1348 2571 1487 2619 ούρανόν
1508 2575 1594 2608 Ven.
1641 2573 1734 2608 Iden
1753 2573 1775 2608 l.
1790 2573 1825 2608 8.
1850 2569 1915 2608 ’E-

368 2629 534 2679 πειδήπερ
557 2632 645 2674 ἔθος.
670 2653 715 2660 --
761 2633 784 2666 1.
798 2632 832 2667 9.
869 2631 1079 2677 ἐνδοξοτέραν
1102 2629 1168 2668 ἀπὸ
1193 2629 1322 2677 ταύτης
1343 2633 1409 2677 τῆς
1436 2628 1680 2670 καταστάσεως
1699 2629 1758 2666 τοῦ
1780 2627 1916 2674 κόσμου

369 2692 450 2724 ven.
476 2709 522 2716 -
576 2690 668 2725 1.14.
705 2688 952 2735 εύμορφοτέραν
983 2688 1109 2733 τροπῆν
1143 2687 1285 2734 (τροπὴν
1316 2689 1429 2734 utique
1459 2687 1700 2722 restituendum
1729 2686 1796 2730 est)
1827 2687 1913 2722 ven.

370 2747 461 2780 Idem
481 2746 561 2780 ibid.
584 2744 752 2783 ἀπώλειαν
772 2747 879 2792 λέγειν
899 2748 963 2791 τῆς
982 2748 1043 2781 τοῦ
1063 2745 1151 2781 κατὰ
1172 2745 1229 2781 τὸν
1247 2744 1375 2790 νήπιον.
1398 2764 1446 2772 —-
1489 2745 1512 2779 l.
1531 2743 1584 2780 16.
1607 2742 1668 2780 καὶ
1686 2740 1832 2784 κάλλους
1845 2744 1915 2788 τῆς

369 2801 424 2846 τῐλ.
447 2805 529 2836 Ven.
579 2804 668 2837 idem
689 2804 712 2838 l.
733 2805 783 2839 18.
807 2801 893 2848 ἀνῆρ
906 2829 914 2844 ,
948 2800 1152 2848 κατήργηκα
1171 2801 1214 2838 τὰ
1234 2803 1292 2838 τοῦ
1314 2802 1444 2847 νηπίου.
1469 2820 1511 2827 —-
1556 2801 1580 2835 l.
1595 2800 1650 2835 20.
1673 2799 1731 2835 ἵνα
1750 2799 1810 2835 καὶ
1826 2795 1912 2836 ἀνα-

371 2861 496 2905 κτισθῄ·
517 2862 604 2894 Ven.
651 2862 745 2895 Idem
773 2861 854 2895 ibid.
885 2859 1128 2905 προςδοκητέον
1150 2856 1203 2896 ὅτι
1223 2857 1272 2900 ὥς
1296 2860 1336 2895 οἱ.
1382 2859 1493 2894 Verba
1516 2867 1600 2903 quae
1629 2856 1730 2901 paulo
1753 2863 1832 2902 pont
1853 2869 1911 2892 so-

372 2925 534 2961 quuntur,
558 2918 592 2954 έν
613 2916 943 2962 ἀνακαινοποιηθέντι
961 2918 1043 2950 Ven.
1065 2927 1131 2950 non
1150 2917 1272 2956 habet,
1295 2927 1434 2961 pergens
1455 2914 1506 2960 τῷ
1526 2911 1650 2959 κόσμῳ
1671 2909 1728 2958 ἔγ.
1750 2915 1778 2949 λ.
1799 2926 1912 2959 κατη-

372 2973 563 3017 κοισόμενοι
591 2975 671 3019 (sic)
706 2973 793 3011 κατὰ
822 2973 861 3010 τὸ
887 2973 1004 3020 λεχθὲν
1027 2993 1042 3000 -
1064 2973 1123 3009 καὶ
1153 2971 1434 3017 κεκτισθῆσονται
1456 2970 1490 3006 ἐν
1511 2969 1562 3015 p(
1583 2970 1722 3016 ψαλμῷ.
1745 2989 1790 2996 —-
1834 2970 1858 3004 1.
1877 2969 1910 3006 9.

372 3029 414 3062 ab
436 3030 498 3062 inf.
525 3029 792 3074 ἐπιτροπεύοντες
813 3033 898 3065 Ven.
925 3051 966 3057 —
1012 3031 1038 3064 1.
1054 3031 1088 3066 7.
1111 3030 1152 3063 ab
1175 3030 1236 3063 inf.
1260 3027 1375 3068 πάσας
1397 3027 1538 3063 ἔσεσθαι
1557 3038 1590 3061 κ.
1613 3039 1643 3061 τ.
1668 3026 1730 3062 οἰκ.
1751 3025 1814 3063 ούκ
1835 3026 1914 3062 ἐπιἰ

372 3085 630 3133 τεθνηξομένους
653 3089 736 3122 ven.
763 3107 805 3115 -
851 3089 877 3123 l.
894 3087 927 3123 6.
950 3087 992 3121 ab
1013 3087 1075 3120 inf.
1111 3083 1329 3132 γαμήσοντας
1361 3083 1421 3120 καὶ
1448 3082 1728 3128 τεθνηξομένους,
1761 3080 1833 3120 ἀλλ’
1860 3079 1914 3126 ὥς
1943 3116 1945 3119 ,
