2020 3276
416 261 599 297 rammi
624 258 709 295 Lm.
726 262 787 295 ιιι.
811 256 923 296 ΤοΜ.
944 262 985 295 ιι.
1009 256 1145 295 mna.
1165 261 1362 295 Lxxvm.
1581 246 1664 295 433

117 351 259 388 νοω-ἰ
279 341 384 385 illam
404 344 524 383 Suum
545 340 746 391 adiunxit,
789 341 858 383 sed
876 345 1169 395 pm'mogem‘tum
1193 340 1461 384 tautummodo
1491 340 1663 383 vocavit.

115 408 195 455 Ec
218 417 284 454 est
304 410 408 453 enim
435 409 502 452 ille
532 423 647 466 quem
677 412 970 463 primogenitum
1000 418 1201 451 creaturae
1226 413 1345 451 omnis
1371 408 1571 466 apostolus
1595 422 1666 450 no-

114 479 268 532 minat,
309 478 451 536 quique
477 492 564 520 cum
587 477 780 520 creaturis
811 477 956 520 ceteris
981 477 1139 520 minime
1173 478 1444 533 coniungitur,
1487 477 1556 519 sed
1578 484 1670 519 ante

117 560 190 591 on
210 560 349 590 omues
373 546 569 603 originem
592 546 758 603 accepit.
818 544 963 603 Neque
984 546 1087 588 enim
1113 549 1238 600 primo
1262 555 1413 588 creatus
1443 545 1567 598 dixit,
1599 544 1669 587 sed

110 618 414 671 mbcgenn'hes,
446 615 546 657 adeo
571 621 614 657 ut
636 614 684 656 ad
708 615 896 656 maiorem
926 614 1167 656 audientium
1190 615 1355 657 fructum
1380 622 1495 671 atque
1518 612 1669 656 cautio·

116 697 208 728 nem
234 683 332 726 baec
352 683 419 726 illo
447 684 486 726 in
511 683 600 726 loco
633 682 802 725 discreta
828 682 929 736 sint,
972 696 1018 724 ac
1044 686 1296 736 primogenite·
1324 696 1423 724 voce
1453 682 1669 739 praemissa

116 751 347 795 interiorem
374 752 515 794 deinde
543 759 762 794 creaturam
789 750 972 794 subiecit.
1034 749 1237 807 Siquidem
1256 755 1505 805 primogeniti
1526 765 1670 794 nomen

117 821 167 864 nd
193 821 311 863 lilium
332 821 528 873 refertur,
574 827 754 862 creatura
782 833 852 877 per
876 819 994 861 filium
1025 828 1086 861 est
1106 820 1308 877 producta.
1369 823 1520 874 Peperit
1540 819 1671 876 itaque

104 888 239 944 filiun
255 903 365 931 cuum
381 891 700 943 praehogem’tum,
735 902 814 930 non
840 887 1142 944 primogenitum
1168 902 1306 941 suum,
1345 888 1456 944 quasi
1479 888 1577 930 alios
1602 902 1671 944 po·

118 964 205 1000 ntea
238 956 414 1016 paritura
450 957 582 999 luerit.
643 959 698 998 Et
727 971 802 998 non
836 957 1091 1010 cognoscebat
1121 959 1239 998 illam.
1303 954 1385 1011 Qui
1417 958 1520 998 enim
1552 970 1671 998 nosse

118 1025 246 1084 potuit
274 1032 424 1069 tantum
459 1039 549 1068 esse
583 1024 620 1067 ei
652 1024 805 1067 mulieri
838 1025 988 1080 gratiae
1020 1025 1330 1067 conferendum?
1389 1022 1501 1067 Unde
1532 1025 1669 1077 sciret,

119 1094 307 1152 inq-am,
338 1102 417 1137 tam
441 1093 654 1137 excellenti
679 1093 807 1149 gloria
826 1093 1020 1150 virginem
1045 1107 1135 1136 esse
1159 1093 1460 1136 celebrandam?
1518 1091 1672 1149 Quippe

121 1162 326 1207 notiorem
350 1162 450 1205 banc
475 1177 499 1205 a
528 1169 667 1204 natura
689 1162 892 1204 formatam
917 1176 963 1204 ac
1001 1161 1158 1204 feminei
1181 1176 1305 1204 sexus
1333 1175 1424 1203 esse
1463 1168 1667 1217 cognorat,

119 1238 242 1288 atque
262 1231 312 1274 ab
336 1231 454 1274 Anna
484 1238 608 1273 matre
630 1238 670 1272 et
691 1227 864 1273 Ioacimo
887 1238 996 1287 patre
1027 1230 1199 1287 genitam
1215 1261 1226 1283 ,
1270 1228 1502 1272 Elizabetae
1527 1243 1673 1285 cogna-

120 1305 230 1352 tan,
275 1313 300 1342 e
326 1300 443 1342 domo
473 1297 639 1341 Davidis
669 1312 714 1340 ac
753 1298 922 1351 familia,
967 1299 1041 1341 boc
1070 1312 1169 1341 vero
1201 1299 1370 1340 noudum
1402 1298 1672 1351 intellexerat,

121 1374 272 1411 tantum
309 1368 414 1410 illam
450 1367 489 1410 in
517 1367 635 1410 terris
665 1367 784 1410 decus
817 1381 863 1409 ac
886 1367 1160 1424 splendorem,
1205 1373 1245 1410 et
1281 1366 1434 1423 quidem
1471 1366 1672 1420 seminam,

120 1449 212 1480 esse
243 1442 557 1479 consecuturam.
618 1433 814 1491 Quocirca
839 1451 913 1477 non
937 1439 1114 1490 cognovit
1139 1438 1265 1485 illam,
1300 1436 1425 1477 donec
1453 1434 1671 1491 prodigium

120 1504 213 1548 illud
246 1505 540 1547 animadvertit.
599 1502 695 1546 Non
731 1505 918 1560 cognovit
948 1505 1050 1560 quod
1086 1505 1125 1546 in
1158 1518 1204 1546 ea
1228 1504 1406 1549 mirabile
1436 1503 1672 1559 contigerat,

120 1573 246 1616 donec
268 1580 400 1616 natum
424 1587 476 1615 ex
503 1586 548 1615 ea
573 1573 692 1614 filium
715 1573 826 1614 vidit.
887 1571 1150 1630 Posteaquam
1176 1587 1272 1615 vere
1292 1572 1468 1630 peperit,
1502 1572 1674 1614 habitum

122 1641 177 1686 illi
201 1641 389 1685 divinitus
416 1642 607 1684 bonorem
640 1640 826 1698 agnovit,
873 1655 1037 1698 eamque
1065 1641 1198 1683 didicit
1220 1641 1279 1684 bis
1306 1641 1437 1684 verbis
1460 1640 1508 1683 ab
1532 1641 1674 1697 angelo

121 1709 353 1753 ulutatum:
383 1714 469 1752 Ave
493 1713 626 1764 gratia
649 1712 788 1764 plena,
821 1712 993 1751 dominus
1017 1718 1149 1751 tecum.
1697 1717 1860 1754 numme.

233 1777 346 1822 Haec
366 1786 450 1831 est,
493 1793 607 1835 quam
630 1778 876 1820 adumbravit
900 1777 1010 1831 Eva,
1055 1792 1154 1834 quae
1185 1778 1400 1821 viventium
1425 1786 1552 1821 mater
1575 1794 1671 1835 quo·
1735 1789 1816 1832 cap.

124 1846 215 1890 dam
241 1847 473 1903 aenigmatis
496 1847 702 1889 involucro
725 1853 987 1902 nuncupatur.
1050 1845 1251 1903 Siquidem
1275 1850 1358 1888 Eva
1380 1855 1456 1888 tum
1478 1851 1676 1889 viventium
1695 1834 1879 1914 G'efif'ss'io·

122 1922 185 1957 est
200 1916 391 1970 appellata
416 1923 558 1966 mater,
592 1930 678 1958 cum
703 1915 779 1958 iam
805 1915 896 1957 illud
919 1915 1133 1968 audiisset,
1171 1919 1290 1958 Terra
1312 1931 1373 1965 es,
1419 1924 1457 1957 et
1474 1919 1513 1957 in
1535 1925 1675 1957 terram

123 1987 352 2033 nmen-ie,
396 1991 486 2041 post
514 1985 724 2027 admissum
755 1984 936 2026 videlicet
959 1992 1178 2041 peccatum.
1241 1983 1356 2041 Quod
1379 1985 1533 2041 quidem
1554 1985 1677 2027 admi·

125 2051 281 2094 ratione
308 2051 465 2107 dignum
501 2059 587 2104 est,
632 2059 720 2109 post
743 2052 847 2095 illam
879 2053 1139 2095 offensionem
1169 2060 1245 2095 tam
1283 2053 1527 2110 praeclarum
1552 2054 1588 2095 ei
1610 2068 1677 2095 co·

126 2132 300 2176 gnomen
337 2119 582 2162 attributum.
652 2121 715 2163 Ac
747 2121 781 2163 si
815 2121 1016 2163 exteriora
1048 2123 1239 2164 duntaxat
1270 2129 1311 2164 et
1343 2122 1527 2164 sensibus
1560 2122 1676 2164 obvia

128 2188 385 2239 consideres,
432 2187 482 2230 ab
505 2188 642 2231 eadem
674 2189 747 2231 bac
773 2187 860 2231 Eva
886 2190 1006 2232 totius
1036 2197 1097 2232 est
1120 2190 1159 2232 in
1184 2191 1301 2233 terris
1330 2191 1487 2233 humani
1518 2191 1678 2246 generis

127 2257 242 2312 origo
263 2256 443 2299 deducta.
505 2254 666 2299 Revera
685 2263 816 2299 tamen
841 2270 864 2300 a
881 2255 1015 2301 Maria
1036 2258 1190 2315 virgine
1210 2259 1290 2301 vita
1313 2259 1396 2315 ipsa
1419 2267 1481 2301 est
1504 2258 1542 2300 in
1568 2273 1679 2301 mun-

128 2325 219 2368 dum
248 2325 494 2377 introducta,
538 2332 578 2367 ut
601 2325 800 2367 viventem
834 2326 960 2382 pariat
990 2333 1030 2369 et
1051 2326 1266 2370 viventium
1291 2326 1422 2369 Maria
1454 2327 1507 2370 sit
1532 2334 1674 2369 mater.

129 2391 332 2450 Quocirca
373 2395 578 2435 Viventium
622 2401 742 2434 mater·
783 2393 1009 2437 adumbrata
1046 2395 1298 2438 similitudine
1337 2394 1470 2438 Maria
1515 2395 1673 2437 dieitur.

127 2460 233 2506 Num
256 2462 305 2505 de
327 2462 476 2503 duabus
512 2461 667 2504 seminis
704 2461 846 2503 dictum
872 2462 963 2505 illud
990 2470 1074 2516 est,
1118 2467 1210 2516 Quis
1233 2467 1338 2505 dedit
1359 2466 1675 2517 mulieri-sapten—
1693 2471 1757 2501 tob.
1775 2472 1819 2509 ιε,
1835 2472 1880 2503 8⁸·

130 2533 244 2581 ὕεα,
286 2538 357 2572 aut
376 2533 601 2584 cunegundi
628 2533 854 2571 scientum?
911 2528 1069 2573 Etenim
1092 2531 1178 2574 Eva
1200 2532 1263 2574 illa
1285 2532 1392 2590 prior
1413 2532 1572 2588 sapiens
1597 2545 1679 2574 mu-

131 2598 206 2642 lier
226 2598 406 2652 Adamo,
439 2613 552 2656 quem
574 2598 658 2656 ipsa
684 2598 927 2650 nudaverat,
959 2600 1208 2655 aspectabilia
1233 2601 1420 2657 quaedam
1445 2600 1680 2643 vestimenta

132 2668 364 2721 contexuit,
407 2668 548 2725 quippe
575 2666 792 2710 huiusmodi
825 2673 887 2708 est
913 2666 1047 2709 labore
1071 2667 1269 2711 damnata.
1331 2667 1447 2724 Quod
1478 2668 1582 2710 euim
1610 2682 1680 2710 nu·

131 2734 234 2779 dita·
258 2736 363 2779 illius
388 2750 508 2794 opera
533 2737 679 2778 rel'erta
706 2738 857 2787 fuerat,
890 2733 963 2777 boc
989 2735 1115 2778 eidem
1137 2736 1267 2779 datum
1293 2736 1490 2792 negotium
1513 2742 1597 2789 est,
1639 2743 1682 2778 ut

133 2804 180 2847 ad
205 2811 413 2848 externam
449 2805 662 2847 nuditatem
692 2803 898 2860 tegendam
930 2817 1072 2860 corpus
1105 2804 1231 2857 istud,
1275 2805 1376 2860 quod
1403 2803 1584 2846 sensibus
1608 2818 1680 2846 ex-

133 2873 301 2930 positum
338 2880 422 2927 est,
466 2880 578 2916 veste
613 2879 858 2928 contegeret.
921 2870 976 2913 At
1008 2869 1164 2914 Mariae
1199 2872 1387 2915 divinitus
1421 2872 1513 2914 illud
1543 2871 1682 2929 obtigit

134 2947 178 2983 ut
202 2955 344 2998 agnum
369 2941 481 2984 uobis
506 2948 623 2998 atque
653 2954 767 2983 ovem
801 2946 980 2996 pareret,
1026 2940 1137 2983 cuius
1159 2954 1212 2983 ex
1236 2941 1444 2998 splendore
1469 2955 1514 2983 ac
1536 2940 1676 2997 gloria,

134 3013 316 3066 tanquam
341 3023 364 3052 e
386 3009 564 3063 vellere,
608 3023 679 3066 per
709 3009 884 3051 eiusdem
917 3007 1100 3052 virtutem
1134 3008 1436 3052 immortalitatis
1466 3009 1580 3052 nobis
1612 3023 1680 3051 ve·

180 3096 214 3133 4.
239 3098 278 3135 τὸ
303 3097 514 3144 ἅμφιεννύιιν
538 3102 606 3134 cod.
633 3102 762 3142 Rhedty.

205 3154 324 3192 corpu·
342 3154 523 3184 utere-eol.
541 3154 579 3183 11.
600 3156 625 3183 ³.
1354 3161 1407 3202 28
