2020 3276
692 246 1127 282 ΑΝΑοΕΡ-ωωῑοειε.
1603 241 1688 284 579

135 328 286 388 lyddae
300 329 493 385 quasdam
516 327 714 380 offerunt,
745 328 885 383 quibus
908 335 1217 371 consentaneum
1242 343 1295 371 ex
1320 344 1365 371 ea
1393 344 1436 372 re
1457 343 1602 373 nomen
1626 331 1687 373 in-

135 396 328 451 mu,
361 397 450 440 dum
482 393 773 454 Collyridianos
802 395 892 439 illos
921 398 1218 454 appellavimus.

246 531 501 584 massaliani,
532 547 631 590 quos
650 533 902 590 interpretari
928 548 1135 589 possumus
1160 533 1390 577 precantes.
1451 535 1528 578 His
1551 536 1690 579 adiun-

136 609 284 659 μίαν
300 615 329 644 e
347 602 551 658 gemilium
584 602 706 645 sectis
732 616 832 658 qnos
858 601 1114 659 Euphemitas
1145 611 1184 645 et
1213 602 1485 661 Martyrianos
1507 612 1547 647 et
1572 603 1689 648 Sata-

137 671 277 716 nlnnot
301 670 525 713 nominant.

168 781 172 786 ,
248 737 412 783 samma
445 738 542 780 haec
573 745 636 782 esi
665 722 758 781 iani
783 739 939 796 septimi
962 754 1009 782 ac
1034 739 1149 782 trium
1185 740 1373 783 librorum
1403 742 1505 784 finis.
1569 740 1692 785 coui-

135 813 282 864 gnntur
298 807 487 850 haereses
511 805 696 850 LXXX.
760 805 844 850 Sub
867 808 983 850 finem
1003 808 1108 850 tertii
1129 809 1215 850 libri
1238 809 1471 866 septimique
1493 811 1586 852 tomi
1610 812 1691 853 sor-

137 875 242 921 ῠΙΙι
271 875 361 919 fidei
382 889 496 931 quam
518 876 686 918 eeclesia
710 875 901 919 catholica
928 877 1133 932 profitetur
1151 877 1327 919 subiecta
1351 886 1435 932 est,
1478 893 1525 921 ac
1544 880 1692 922 verita-

138 944 192 988 tis
218 943 400 988 dominio
423 951 465 986 et
495 944 693 1000 evangelii
715 942 867 987 Christi
897 945 1163 1001 praedicatio,
1206 960 1252 987 ac
1275 947 1442 1002 denique
1470 947 1692 990 catholicae

136 1011 330 1057 eceleniae
352 1013 501 1064 forma,
534 1026 633 1069 quae
655 1027 741 1055 cum
764 1013 812 1054 ab
833 1020 998 1055 aeterno
1022 1014 1163 1067 fuerit,
1195 1016 1449 1058 successione
1474 1023 1691 1073 temporum

136 1087 225 1138 pont
251 1080 562 1124 incarnationem
595 1078 743 1124 Christi
774 1081 1069 1125 evidentissime
1098 1083 1296 1139 patefacta
1325 1091 1401 1126 est.

252 1216 382 1274 Quam
405 1219 524 1261 multa
551 1233 648 1262 vero
673 1218 722 1261 ab
746 1218 924 1262 humanis
947 1219 1118 1275 ingeniis
1141 1219 1271 1276 colligi
1297 1228 1462 1277 possunt
1483 1221 1531 1262 de
1557 1221 1607 1263 iis
1627 1222 1693 1277 qui

140 1285 238 1329 tanti
256 1299 305 1329 ae
326 1294 403 1330 tatu
425 1288 670 1331 excellentes
692 1287 911 1339 habentur,
957 1295 998 1330 et
1026 1288 1091 1343 qui
1128 1289 1174 1330 ad
1203 1289 1451 1331 laudabilium
1478 1292 1694 1331 adolescen-

141 1357 308 1398 tadnnm
327 1368 459 1412 genus
483 1356 652 1399 adscribi
678 1356 822 1398 debent
841 1371 1002 1410 quarum
1024 1372 1099 1397 non
1119 1365 1180 1397 est
1200 1362 1405 1399 numerus!
1462 1357 1567 1400 Nam
1591 1358 1693 1400 aliae

138 1424 472 1468 commendandae
491 1432 608 1476 sunt,
651 1424 750 1467 aliae
775 1425 1062 1481 vituperatione
1086 1424 1243 1481 dignae.
1305 1424 1410 1468 Nam
1432 1426 1607 1468 nonnulli
1630 1440 1694 1468 re-

140 1492 344 1548 perflantur
360 1492 432 1549 qui
453 1507 507 1535 ex
538 1493 692 1549 privato
714 1493 872 1548 ingenio
895 1507 1077 1535 severam
1102 1494 1295 1550 quandam
1322 1495 1424 1537 vitae
1449 1494 1692 1551 disciplinam

139 1574 187 1603 ac
208 1560 335 1617 legem
365 1561 619 1618 sibimetipsis
652 1561 934 1614 condiderunt,
966 1577 1014 1604 ac
1039 1562 1255 1618 prolixiore
1283 1578 1395 1604 coma
1426 1563 1549 1619 palam
1585 1571 1624 1605 et
1654 1565 1694 1605 in

140 1629 312 1672 omnium
335 1629 459 1672 oculis
482 1630 713 1686 procedunt.
775 1629 856 1672 Alii
890 1645 986 1672 vero
1019 1631 1148 1672 sancti
1182 1632 1325 1673 fratres
1354 1632 1393 1673 in
1418 1631 1547 1673 cilicio
1576 1639 1616 1673 et
1639 1633 1694 1673 ci-

141 1710 238 1741 nere
272 1697 376 1740 domi
406 1711 497 1741 sese
530 1698 758 1750 continent,
805 1698 870 1740 alii
892 1699 1059 1755 denique
1084 1699 1300 1755 asperrimo
1326 1700 1484 1742 vivendi
1516 1700 1695 1742 instituto

142 1779 192 1809 ae
207 1765 431 1810 durissimis
461 1766 619 1810 ieiuniis
651 1774 692 1809 et
711 1767 908 1809 laboribus
929 1767 991 1809 dei
1022 1782 1163 1810 caussa
1193 1768 1387 1825 susceptis
1412 1768 1576 1811 iuvenili
1600 1782 1696 1825 qua·

143 1834 230 1879 dan
255 1834 482 1878 fortimdine
506 1842 548 1877 et
570 1836 741 1890 perfecta
764 1849 860 1891 erga
882 1849 1069 1892 sponsum
1093 1836 1336 1879 conscientia
1357 1837 1538 1879 omnibus
1560 1850 1697 1879 nume-

145 1902 202 1946 ria
222 1902 440 1946 auctuum
473 1904 593 1946 vitam
618 1904 861 1960 exprimunt.
903 1904 983 1946 Alii
1014 1905 1185 1957 demum,
1211 1905 1313 1961 quod
1342 1906 1455 1961 paulo
1478 1913 1570 1948 ante
1594 1906 1694 1960 dixi,

145 1984 224 2013 non
246 1970 424 2024 nime,
454 1972 526 2013 sed
551 1971 814 2014 obstinatione
838 1974 1004 2028 quadam
1027 1973 1164 2025 animi,
1197 1974 1306 2016 velut
1330 1975 1550 2031 tyrannice,
1584 1988 1696 2030 prae-

147 2045 210 2081 ter
242 2038 447 2082 veritatem
478 2039 697 2083 insolenter
726 2041 960 2083 efferuntur.
1023 2040 1225 2084 Eiusmodi
1255 2041 1485 2086 Zacchaeus
1512 2043 1578 2085 ille
1606 2043 1694 2095 suit,

146 2107 211 2164 qni
232 2120 359 2164 nuper
378 2106 421 2149 in
440 2114 628 2150 >montana
647 2108 810 2164 regione
831 2109 880 2152 ad
903 2108 1179 2167 Hierosolyma
1206 2117 1383 2154 mortuus
1410 2119 1487 2164 est,
1519 2112 1584 2168 qui
1607 2127 1696 2154 cum

146 2174 304 2219 nemine
331 2189 507 2232 unquam
543 2176 727 2232 precandi
758 2178 1031 2221 communione
1053 2179 1238 2235 coniungi
1260 2194 1304 2222 se
1328 2194 1468 2236 passus
1490 2188 1576 2233 est,
1618 2181 1698 2223 imo

148 2256 246 2287 vero
276 2257 331 2287 ex
357 2244 496 2286 eodem
530 2244 709 2286 instituto
734 2244 867 2288 divina
889 2248 1101 2303 mysteria,
1144 2262 1231 2290 eum
1263 2248 1387 2290 laicus
1425 2256 1547 2299 esset,
1579 2248 1699 2291 attin-

147 2324 247 2368 gere
267 2324 315 2355 ae
337 2312 531 2355 sacrificia
552 2312 754 2355 celebrare
780 2315 933 2356 nefario
958 2329 1056 2358 ausu
1081 2315 1127 2358 ἑο
1150 2317 1362 2359 temerario
1381 2324 1442 2359 est
1463 2330 1695 2372 aggressus.

149 2378 340 2424 tuve-tu·
363 2387 426 2424 est
445 2388 486 2423 et
502 2381 626 2433 alius,
657 2381 888 2438 quicumque
910 2382 977 2425 ille
997 2385 1151 2427 tandem
1180 2385 1265 2438 fuit,
1298 2385 1510 2427 excellenti
1532 2386 1698 2440 quodam

150 2449 257 2494 vitae
277 2463 449 2507 genere,
481 2449 545 2506 qni
567 2449 607 2492 in
628 2449 800 2506 Aegypti
825 2450 1034 2494 solitudine
1056 2452 1096 2494 in
1121 2452 1362 2496 monasterio
1383 2452 1573 2509 degebat3
1606 2453 1699 2496 item

151 2517 250 2563 alins
281 2518 331 2561 ad
351 2516 489 2561 Sinam
522 2524 694 2560 montem
717 2517 913 2562 babitans.
976 2517 1053 2574 Qui
1074 2521 1189 2563 ambo
1214 2521 1349 2564 nescio
1371 2521 1511 2577 quibus
1534 2520 1700 2563 somniis

152 2586 458 2630 eotemeritatis
489 2586 643 2629 adducti
668 2593 761 2628 sunt
790 2594 831 2629 ut
861 2594 1045 2644 suscepta
1075 2589 1122 2631 ad
1145 2588 1319 2646 episcopi
1354 2589 1592 2631 functionem
1619 2603 1700 2631 ma-

153 2668 271 2697 nuum
291 2654 540 2712 impositione
560 2655 700 2697 sedere
719 2661 757 2696 et
779 2654 1050 2711 episcoporum
1073 2670 1214 2698 munus
1238 2656 1347 2698 obire
1366 2671 1443 2698 non
1470 2657 1697 2699 dubitarint.

154 2722 253 2776 Atii,
275 2730 318 2766 et
338 2722 376 2765 hi
398 2723 552 2780 quidem
575 2737 652 2765 non
676 2723 806 2779 pauci,
838 2730 1016 2766 castrare
1038 2725 1273 2781 semetipsos
1294 2725 1565 2781 contragleges
1590 2726 1701 2769 iuve-

154 2812 435 2895 dape-..1094
950 2816 1058 2849 petav.
1106 2812 1294 2859 ἐπισκοπῆς
1317 2810 1355 2850 ου’
1375 2816 1540 2850 videbatur
1562 2818 1702 2852 petavio.

247 2881 258 2892 .
281 2856 387 2902 ψαῦιι
405 2858 465 2895 καὶ
482 2858 652 2905 ἱερουργία
672 2860 764 2894 codd.
782 2869 856 2894 mss.
879 2863 907 2894 et
1000 2859 1071 2895 100.
1088 2858 1262 2904 ἐπισκόπῳ
1281 2862 1371 2895 codd.
1390 2862 1453 2895 len.
1477 2866 1503 2896 et
1523 2863 1654 2905 Media.
1675 2867 1703 2897 et

155 2905 231 2940 edit.
250 2906 350 2947 πίνω.
951 2906 1023 2939 edi't.
1051 2907 1151 2948 prino.
1179 2904 1371 2942 ἐπισκόπων
1389 2907 1463 2941 edu.
1486 2909 1598 2942 Petov.

202 2948 259 2985 98.
281 2960 333 2991 τις
361 2944 400 2991 ὃς
425 2962 507 2988 ποτε
533 2952 626 2986 codd.
644 2961 717 2985 mu.
766 2946 807 2991 ὅς
827 2962 908 2987 ποτε
1001 2951 1065 2985 100
1077 2957 1106 2985 Ι.
1132 2953 1181 2985 ue
1200 2952 1292 2986 codd.
1311 2961 1385 2986 mu.
1411 2956 1550 2996 utrque,
1571 2957 1600 2987 et
1630 2955 1704 2988 edit.

143 2995 231 3029 adu.
253 2997 355 3037 ptine.
950 2999 1051 3039 princ.
1098 2998 1180 3030 Edu.
1192 2998 1301 3032 petav.
1321 2998 1412 3031 babet
1431 2997 1491 3034 καὶ
1513 2994 1610 3036 αὑτοὶ
1628 2998 1703 3035 ἑπι-

204 3038 259 3075 99.
285 3038 476 3077 ἐπισκόπων
495 3043 565 3076 eod.
586 3044 648 3077 len.
667 3046 696 3076 et
714 3043 787 3076 edit.
807 3044 908 3084 princ.
953 3041 1094 3088 χείρων.

161 3083 351 3122 &amum
369 3088 439 3122 eod.
451 3088 581 3131 Rhodia.
628 3085 816 3131 ἐπισκοπῆς
837 3088 910 3122 edu.

1338 3146 1430 3191 37*
