2020 3276
427 246 611 282 emanti
633 246 794 280 mant.
819 247 927 281 ToM.
954 247 995 280 n.
1021 245 1154 280 naen.
1172 245 1364 279 Lxxvm.
1580 237 1659 278 421

119 326 364 386 *mquam
384 327 418 370 si
437 340 582 384 eorpus
605 326 858 378 consideres,
902 325 1057 368 loannis
1081 332 1207 368 mater
1228 339 1305 368 non
1332 332 1441 377 erat,
1484 325 1555 368 sed
1577 339 1663 368 eam

119 396 242 456 bean
266 394 504 452 virginitatis
528 408 618 437 esse
647 394 861 452 principem
887 393 1108 450 significare
1134 393 1279 446 voluit,
1324 394 1508 450 quoniam
1527 393 1576 436 ab
1597 393 1665 437 illa

115 465 197 525 vita
231 464 441 524 prooessit.
517 464 579 507 Ad
613 463 709 526 baec
747 464 956 515 loannem,
999 462 1093 504 licet
1121 463 1272 504 alienus
1304 476 1349 504 ae
1384 462 1544 504 minime
1574 476 1666 519 pro-

116 534 283 592 pinquus
301 539 435 584 esset,
480 532 611 574 verbis
632 531 708 574 illis
729 531 871 574 affatus
896 537 981 584 est,
1023 530 1078 572 uti
1102 537 1265 572 matrem
1287 530 1553 572 honorandam
1573 544 1664 574 esse

114 608 367 649 monstraret.
427 599 630 657 Siquidem
651 613 704 643 ex
724 599 787 642 illa
810 599 1013 651 dominus,
1047 599 1149 655 quod
1171 599 1217 640 ad
1242 613 1385 655 corpus
1407 599 1568 652 attinet,
1601 612 1666 641 re·

114 683 212 715 vem
232 677 348 723 natus
371 677 454 722 est3
498 682 549 711 ne
574 669 662 725 quis
688 669 859 711 fortasse
881 674 1005 710 totum
1030 667 1315 709 incarnationis
1336 667 1533 722 negotium
1557 674 1667 724 putet

113 745 282 783 uterne
307 738 465 795 specie,
511 752 588 780 non
623 737 789 780 veritate
820 743 1021 779 constare.
1082 734 1286 778 Nammisi
1310 749 1404 778 vere
1428 742 1554 778 mater
1579 735 1664 778 eius

114 805 339 859 extitisset,
371 820 394 848 a
417 820 493 862 qua
515 819 672 848 carnem
694 811 926 862 acceperat,
970 817 1148 861 quaeque
1167 804 1294 861 ipsum
1318 810 1552 861 pepererat,
1585 817 1664 846 uon

114 881 260 921 uuum
294 875 331 917 ei
363 889 497 917 curam
530 874 758 925 adhiberet,
799 880 844 916 ut
867 880 1094 930 perpetuam
1124 872 1319 929 virginem
1353 873 1662 925 commendaret,

114 956 213 1002 quae
234 950 277 986 et
297 950 424 986 mater
445 942 495 985 ob
517 950 739 999 susceptum
764 955 815 984 ex
838 942 920 998 ipsa
946 955 1090 998 eorpus
1124 941 1288 994 fuisset,
1333 948 1373 983 et
1394 940 1444 982 ob
1463 940 1566 982 illius
1595 939 1664 982 bo·

115 1026 252 1055 norem
281 1018 399 1068 atque
428 1010 656 1052 admirabile
685 1010 863 1067 eorporis
894 1010 954 1052 sui
987 1024 1056 1053 vas
1090 1009 1233 1052 nullam
1265 1008 1389 1052 labem
1419 1010 1658 1052 admisisset.

116 1077 198 1124 Sed
221 1081 347 1138 pergit
370 1080 616 1136 evangelium
640 1086 702 1131 et,
736 1082 800 1120 Ex
826 1081 918 1128 illa,
963 1078 1085 1135 inquit
1099 1110 1110 1131 ,
1155 1081 1215 1119 de'e
1235 1081 1383 1132 aceepit
1399 1093 1477 1119 eam
1500 1081 1665 1132 descipu-

114 1151 176 1192 lus
202 1151 256 1192 ad
270 1163 365 1192 sese.
430 1148 549 1205 Atqui
579 1148 612 1190 si
635 1155 675 1190 et
696 1147 822 1190 virum
847 1147 1034 1200 haberet,
1071 1154 1111 1189 et
1137 1147 1292 1189 domum
1308 1178 1320 1199 ‚
1353 1153 1394 1191 et
1413 1147 1583 1199 liberos,
1617 1146 1664 1188 ad

114 1230 185 1261 sua
215 1218 344 1275 potius
374 1231 488 1274 quam
522 1217 568 1259 ad
600 1216 768 1258 alienum
799 1229 890 1258 sese
921 1217 1136 1258 conferret.

229 1283 385 1329 Vereor
406 1299 455 1328 ne
482 1285 554 1327 boe
586 1285 711 1342 ipsum
743 1285 844 1340 quod
867 1283 1032 1326 dicimus
1058 1284 1183 1326 l'raudi
1211 1283 1263 1326 sit
1288 1283 1507 1340 aliquibus,
1551 1291 1594 1326 ut
1617 1284 1664 1326 ad
1692 1285 1848 1331 eap.xt.

113 1353 417 1397 contubernales
448 1367 494 1395 ae
516 1353 700 1406 dilectas,
742 1366 839 1409 quas
873 1359 1039 1405 vocant,
1082 1353 1247 1395 seminas
1274 1353 1522 1406 retinendas,
1564 1353 1667 1409 quod

111 1435 238 1480 ‘emus
261 1422 432 1479 pessimo
457 1422 533 1464 sibi
555 1421 674 1464 animi
697 1435 835 1464 errore
855 1420 1065 1464 machinati
1087 1428 1200 1473 sunt,
1235 1422 1364 1464 lucum
1385 1421 1476 1463 inde
1497 1422 1667 1477 aliquem

112 1490 346 1535 et·eolorem
379 1491 599 1533 arcessisse
633 1490 856 1532 videantur.
920 1488 1069 1532 Verum
1098 1489 1176 1532 illic
1200 1497 1309 1532 certa
1339 1490 1504 1546 quadam
1535 1490 1668 1546 provi-

113 1559 270 1603 dentiae
292 1559 445 1602 ratione
469 1558 738 1601 administrata
759 1566 852 1601 sunt
878 1558 1006 1600 omnia
1021 1589 1032 1610 ‚
1078 1557 1132 1600 ita
1157 1564 1199 1599 ut
1220 1564 1343 1600 totum
1369 1557 1441 1600 boc
1465 1558 1667 1614 negotium

222 1628 348 1671 iorum
372 1627 543 1671 omnium
559 1659 571 1680 ‚
603 1641 704 1684 quae
731 1641 782 1670 ex
809 1625 871 1670 dei
895 1627 1077 1669 mandato
1103 1626 1336 1683 praestanda
1360 1633 1476 1678 sunt,
1521 1627 1667 1668 officio-

285 1710 308 1740 e
333 1704 440 1740 esset
462 1710 508 1738 ac
529 1695 766 1739 necessitate
800 1696 1034 1738 seiunctum.
1097 1693 1312 1737 Praeterea
1346 1703 1599 1752 posteaquam
1620 1695 1668 1737 it·
1721 1717 1726 1723 ·

274 1773 427 1823 gestum
447 1772 525 1818 est,
558 1771 597 1806 et
619 1764 666 1806 ad
689 1778 779 1807 sese
802 1764 904 1806 illam
926 1764 1092 1820 accepit,
1127 1778 1203 1805 non
1229 1764 1394 1820 amplius
1417 1765 1517 1820 apud
1541 1764 1666 1820 ipsum

94 1848 103 1855 ·
225 1834 343 1879 ausit.
406 1832 522 1889 Quod
551 1833 584 1875 si
614 1833 711 1875 falso
738 1833 876 1875 iactari
901 1832 1091 1889 quispiam
1119 1846 1141 1874 a
1166 1832 1278 1875 nobis
1302 1832 1529 1883 existimet,
1575 1833 1668 1874 lieet

115 1916 315 1949 uentum
337 1902 536 1945 literarum
562 1902 730 1958 vestigia
757 1901 1004 1954 consectari,
1036 1900 1075 1942 in
1102 1900 1240 1957 quibus
1267 1901 1411 1943 nullam
1437 1901 1484 1942 de
1512 1898 1667 1942 Mariae

117 1970 225 2016 obitu
245 1970 483 2015 mentionem
507 1969 704 2026 reperiet,
738 1976 889 2012 mortua
910 1970 986 2022 sit,
1019 1983 1174 2022 necne,
1218 1970 1369 2026 sepulta
1385 2002 1396 2022 ‚
1428 1983 1476 2011 an
1502 1983 1580 2011 non
1603 1982 1667 2010 se-

118 2038 224 2097 pulta
248 2039 380 2082 fuerit.
443 2038 504 2081 Ae
525 2052 611 2081 eum
643 2036 813 2081 loannes
834 2038 989 2080 interim
1013 2038 1052 2079 in
1081 2038 1216 2080 Asiani
1241 2038 1440 2094 profectus
1467 2037 1540 2090 sit,
1574 2051 1668 2080 nus-

117 2121 232 2165 quam
256 2113 387 2149 tamen
410 2106 449 2150 b.
476 2106 666 2162 virginem
701 2106 855 2149 itineris
880 2106 1062 2149 comitem
1099 2120 1232 2148 seeum
1268 2106 1373 2149 illum
1402 2106 1585 2149 habuisse
1616 2106 1669 2148 si-

117 2175 301 2234 gnificat,
331 2176 401 2217 sed
422 2175 471 2217 de
493 2188 539 2217 ea
563 2187 606 2217 re
634 2175 787 2231 penitus
809 2174 1003 2232 scriptura
1028 2175 1299 2228 conticescit„
1322 2175 1358 2216 id
1381 2176 1481 2230 quod
1510 2181 1669 2231 propter

117 2243 387 2288 admirationis
413 2242 696 2285 vehementiam
723 2243 866 2285 lactum
889 2243 1083 2295 arbitror,
1117 2257 1166 2285 ne
1187 2244 1384 2287 hominum
1410 2244 1562 2286 animos
1588 2257 1668 2285 nin·

118 2313 241 2357 iorem
265 2313 456 2370 quendam
482 2312 521 2353 in
542 2317 741 2367 stuporem
765 2311 995 2354 coniiceret.
1059 2310 1146 2367 Ego
1169 2312 1271 2354 enim
1297 2312 1551 2370 pronuntiare
1574 2299 1667 2353 illud

119 2394 290 2433 vereor,
335 2387 375 2423 et
399 2380 517 2421 tacita
552 2380 650 2436 apud
685 2392 745 2421 me
774 2378 1014 2435 cogitatione
1048 2387 1235 2437 reputans
1267 2381 1358 2423 mihi
1387 2380 1583 2422 silentium
1610 2378 1668 2420 in-

118 2450 223 2494 dico.
285 2447 439 2506 Quippe
461 2448 559 2490 haud
584 2447 667 2489 seio
688 2461 736 2489 an
762 2447 809 2489 de
835 2447 1083 2491 sanctissima
1108 2448 1172 2490 illa
1196 2463 1243 2490 ac
1267 2448 1494 2491 beatissima
1513 2447 1668 2502 virgine

119 2518 288 2563 obseura
310 2517 498 2574 quaedam
526 2516 695 2558 inveniri
729 2515 894 2571 vestigia
926 2516 1104 2573 possint,
1148 2530 1246 2573 quae
1270 2517 1458 2559 incertam
1484 2514 1598 2558 nobis
1623 2515 1669 2557 il·

118 2587 194 2632 lius
219 2587 356 2630 mortis
389 2586 502 2628 lidem
534 2585 695 2627 faciant.
756 2582 860 2625 Nam
887 2597 940 2626 ex
963 2598 1037 2626 una
1068 2591 1177 2641 parte
1203 2585 1295 2627 illud
1327 2584 1521 2636 occurrit,
1566 2583 1667 2639 quod

118 2655 169 2700 de
188 2654 255 2699 illa
282 2655 529 2712 pronuntiata
577 2656 629 2694 Et
652 2660 752 2693 tuam
778 2655 896 2706 ipsius
919 2655 1080 2694 animam
1099 2655 1281 2707 pervadet
1308 2655 1464 2706 gladius
1478 2683 1488 2701 ,
1537 2659 1579 2693 a!
1605 2667 1666 2692 re-
1684 2662 1795 2699 num,
1811 2663 1856 2695 n.

119 2731 298 2779 tegantur
325 2738 375 2765 σε
396 2725 597 2765 multorum
623 2722 799 2762 cordibus
821 2723 1082 2774 cogieammes.
1130 2720 1300 2763 Aliunde
1323 2735 1418 2764 vero
1443 2721 1481 2762 in
1506 2719 1663 2777 Apoca-
1675 2732 1821 2771 Apamia,
1832 2732 1876 2762 ts.

121 2791 220 2850 lypsi
245 2789 406 2834 loannis
429 2791 593 2847 legimus
607 2822 618 2843 ,
651 2793 859 2830 Draconem
886 2791 1065 2830 adversus
1084 2791 1274 2830 mulierem
1292 2804 1541 2843 properasse,
1574 2804 1671 2844 quae

122 2874 261 2902 marem
282 2868 503 2915 pepererat,
548 2867 584 2899 et
605 2861 714 2899 datas
735 2861 774 2899 ει·
794 2873 874 2899 esse
897 2873 1043 2911 pennas
1064 2860 1236 2911 aquilae,
1283 2867 1322 2898 et
1345 2860 1566 2899 translatam
1588 2873 1670 2900 esse

122 2932 160 2971 in
177 2932 385 2978 desertum,
418 2943 465 2970 ne
481 2942 560 2969 eam
581 2930 698 2968 draco
716 2929 1055 2981 comprehenderet.
1120 2924 1235 2982 Quod
1258 2926 1411 2982 quidem
1435 2925 1474 2969 in
1494 2926 1557 2969 illa
1578 2940 1668 2970 esse

122 3003 251 3054 potest
269 2997 483 3054 impletum.
546 2994 792 3052 Quamquam
819 2995 910 3037 illud
951 3009 1028 3037 non
1056 2994 1204 3037 affirmo
1229 2994 1405 3052 penitus,
1451 3009 1578 3054 neque
1600 3003 1668 3040 aut

167 3088 198 3124 5.
221 3082 262 3126 ἂν
285 3089 388 3127 omiss.
413 3090 448 3124 tn
470 3090 543 3123 edu.
567 3090 675 3124 Petav.
