2020 3276
427 230 610 266 PANARn
631 231 716 264 Lm.
736 230 795 265 ΙΙΙ.
817 230 927 265 ΤΟΜ.
946 231 988 263 ll.
1011 230 1145 263 HAER.
1162 228 1353 263 Lxxvnr.
1580 217 1657 258 441

119 311 408 372 pectet-misit,
453 325 501 354 ne
532 311 604 354 boc
634 311 680 352 ad
713 310 929 366 aliquorum
966 309 1239 351 contumeliam
1272 308 1412 351 iecisse
1443 307 1659 349 videretur.

119 380 204 426 sed
222 380 271 424 nd
295 380 505 423 nonnullos
539 379 855 422 condemnandos
886 384 947 421 est
977 377 1118 419 dictum
1150 378 1214 434 qui
1241 391 1380 419 vacare
1401 377 1475 418 deo
1499 374 1660 426 noluut3

119 449 179 493 ini
196 449 411 492 utinterim
434 447 553 491 vitam
575 461 629 490 ex
651 447 751 504 legis
770 446 1014 503 praescripto
1040 453 1288 501 comparent,
1321 453 1361 488 et
1381 445 1545 487 honeste
1568 456 1664 486 vase

119 530 194 561 m
214 517 263 560 ed
285 516 434 575 prolem
458 515 743 573 suscipiendam
773 522 958 567 utantur3
1001 514 1322 570 quemadmodum
1355 521 1484 570 patres
1507 518 1664 555 nostros

119 598 215 629 usos
233 585 326 629 olim
349 598 440 628 esse
465 584 692 636 didicimus5
731 584 831 640 quod
856 582 997 625 alicubi
1029 582 1221 640 scriptura
1242 583 1434 634 declarat,
1479 582 1656 630 Rebecca,
1674 588 1763 621 nom.
1781 587 1810 623 ⁹,
1827 586 1869 616 1⁰-

119 653 270 712 iuquit,
314 668 366 696 w
387 667 462 695 uno
485 656 709 708 concipiens.
771 650 838 694 Ex
859 666 937 694 uno
966 650 1090 702 dixit,
1132 658 1170 692 et
1199 657 1240 692 ut
1265 650 1458 692 honestati
1484 650 1666 693 consule-

120 729 206 776 ret,
243 721 347 765 aliud
372 722 466 765 nihil
488 721 658 774 addidit3
695 721 764 763 sed
786 719 1081 777 generationem
1102 719 1205 760 illam
1229 719 1368 760 iustam
1389 734 1434 760 ac
1454 718 1666 774 legitimam

122 790 244 835 luisse
274 791 527 848 significavit.
590 787 724 845 Quare
759 796 848 846 post
869 795 1075 844 susceptos
1098 788 1243 829 liberos
1274 787 1417 829 nullam
1441 788 1604 844 amplius
1629 786 1664 828 ei

120 872 209 903 eo-
242 859 308 902 illa
338 858 659 902 consuetudinem
692 858 814 900 fuisse
847 857 1106 898 demonstrat.
1177 854 1231 898 Et
1255 857 1436 911 quoniam
1474 856 1584 897 facile
1619 869 1666 896 ac

119 926 294 986 pmelive
330 927 444 970 nobis
475 934 536 970 est
568 933 735 968 mentem
768 925 814 967 ad
842 925 1039 967 deteriora
1074 924 1201 982 potius
1229 939 1342 980 quam
1368 925 1414 965 ad
1438 923 1667 966 necessaria

119 995 351 1049 deflectere,
394 1008 560 1052 cumque
582 994 755 1037 lubricus
774 994 824 1036 sit
847 993 1014 1036 bominis
1035 993 1212 1044 animus,
1257 1007 1330 1034 nec
1353 993 1400 1035 ad
1426 1000 1572 1034 rectam
1597 992 1667 1034 do-

121 1064 231 1109 miuo
259 1065 363 1108 viam
397 1065 582 1120 impetum
614 1063 743 1106 statim
782 1077 894 1105 suum
926 1062 1298 1118 contentionemque
1319 1062 1484 1117 dirigat,
1527 1061 1595 1103 sed
1619 1061 1665 1102 ad

121 1132 300 1176 dextram
323 1131 576 1175 sinistramve
596 1130 789 1183 declinet,
822 1138 939 1187 atque
961 1144 1080 1186 aegre
1103 1130 1306 1172 admodum
1329 1130 1418 1172 huic
1442 1128 1666 1172 Salomonis

120 1207 331 1259 praecepto
361 1207 521 1258 pareat,
565 1202 626 1241 Ne
643 1202 806 1241 declines
830 1202 882 1240 ad
900 1202 1114 1248 dexteram,
1156 1213 1225 1240 nee
1245 1202 1297 1240 ad
1315 1202 1508 1240 simssmam
1520 1229 1532 1248 ‚
1575 1213 1661 1240 cum
1680 1210 1769 1239 Prov.
1782 1210 1809 1246 s,
1827 1207 1871 1236 τι.

121 1269 289 1327 denique
322 1268 426 1312 circa
457 1269 614 1311 easdem
639 1268 898 1324 cogitationes
931 1280 1021 1309 sese
1052 1274 1231 1323 torqueat
1255 1281 1301 1309 ac
1327 1275 1460 1309 verset
1484 1267 1668 1324 improbi-

122 1344 207 1391 tas,
249 1344 292 1380 et
316 1338 365 1380 ad
396 1337 471 1380 alia
498 1336 641 1379 itinera
667 1336 908 1393 capessenda
931 1336 1239 1378 moderationem
1274 1343 1446 1378 nostram
1478 1336 1666 1392 impellat,

120 1406 338 1449 cavendum
360 1405 452 1448 illud
477 1405 590 1448 nobis
612 1412 697 1458 est,
731 1418 780 1447 ne
806 1404 994 1447 effusiora
1017 1404 1082 1446 illa
1106 1404 1243 1446 beatae
1268 1405 1434 1460 virginis
1458 1404 1669 1461 praeconia

121 1473 286 1518 ulterius
307 1473 457 1517 erroris
482 1481 523 1515 et
543 1473 775 1516 offensionis
801 1473 1004 1515 materiam
1027 1472 1143 1515 alicui
1170 1474 1339 1515 fortasse
1363 1473 1592 1530 praebcant.

232 1540 391 1585 Etenim
413 1541 479 1599 qui
501 1542 541 1584 in
562 1542 679 1584 lilium
706 1541 977 1584 contumeliosi
1005 1555 1095 1584 esse
1118 1542 1352 1593 voluerunt,
1398 1550 1440 1583 ut
1461 1549 1576 1584 antea
1601 1542 1670 1583 ‹le-
1733 1555 1813 1599 cap.

121 1611 312 1655 claretum
334 1618 422 1663 est,
467 1610 691 1653 abalienare
714 1611 838 1666 ipsum
863 1624 884 1652 a
908 1610 1030 1667 patris
1054 1609 1256 1652 divinitate
1280 1610 1527 1652 studuerunt.
1590 1609 1671 1652 Alii
1706 1592 1840 1635 xxm·

122 1678 368 1723 econtrario
396 1679 592 1722 diversam
627 1679 667 1721 in
699 1686 847 1735 partem
881 1679 1098 1731 abeuntes,
1143 1694 1219 1735 quo
1252 1679 1523 1722 vehementius
1562 1679 1670 1721 illum

121 1747 383 1800 honorarent,
416 1748 581 1790 eundem
607 1761 697 1789 esse
722 1753 870 1804 patrem
893 1755 932 1789 et
955 1747 1071 1789 lilium
1102 1754 1142 1789 et
1162 1747 1338 1804 spiritum
1360 1755 1537 1790 sanctum
1561 1762 1671 1790 asse-

122 1829 214 1860 rere
247 1817 334 1860 ensi
370 1823 476 1860 sunt.
537 1814 754 1872 Utrobique
785 1829 881 1858 vero
906 1815 1135 1858 insanabilis
1162 1823 1221 1858 est
1243 1830 1290 1858 ac
1312 1816 1515 1859 mortifera
1539 1817 1667 1873 plaga.

124 1882 186 1928 lte
203 1885 307 1942 quod
329 1885 377 1928 ad
401 1891 577 1927 sanctam
599 1898 645 1927 ac
664 1884 817 1927 beatam
842 1884 944 1926 illam
969 1883 1160 1940 virginem
1184 1886 1368 1942 pertinet,
1402 1885 1555 1941 quidam
1578 1900 1672 1927 con-

123 1952 368 1996 tumeliosius
388 1952 427 1995 in
458 1952 560 1995 illam
583 1952 727 1994 invecti
749 1959 866 2004 sunt,
910 1960 952 1995 ut
975 1960 1061 2010 post
1084 1967 1274 1996 summum
1298 1954 1390 1996 illud
1413 1961 1452 1996 et
1476 1954 1670 2010 integrum

123 2020 404 2064 incarnationis
438 2020 583 2063 domini
614 2020 866 2077 mysterium,
909 2022 1087 2078 corporis
1117 2035 1203 2064 eam
1238 2022 1519 2064 commixtione
1548 2023 1671 2079 pollu-

123 2096 203 2132 tam
237 2088 438 2141 dicerent3
482 2088 519 2131 id
545 2089 646 2145 quod
669 2103 823 2131 omnem
844 2090 1130 2147 improbitatem
1155 2090 1469 2148 impietatemque
1494 2098 1668 2148 superat.

124 2154 312 2201 Ceterum
346 2156 400 2199 uti
425 2156 635 2199 nonnullos
666 2163 816 2199 tantum
849 2171 894 2200 se
930 2158 969 2200 in
1005 2159 1135 2200 scelus
1171 2160 1416 2202 commisisse
1450 2160 1670 2211 didicimus,

124 2225 182 2269 sie
205 2239 283 2269 non
303 2225 390 2268 sine
411 2225 560 2281 ingenti
583 2224 839 2267 admiratione
862 2226 965 2268 aliud
988 2226 1168 2283 quiddam
1192 2228 1430 2284 accepimus.
1491 2227 1673 2270 Nonnul-

124 2294 185 2338 los
205 2293 391 2337 videlicet
411 2293 450 2335 in
475 2293 522 2335 iis
546 2306 644 2349 quae
670 2294 718 2334 ad
740 2293 1024 2336 sanctissimam
1049 2295 1240 2351 virginem
1265 2304 1443 2353 spectant
1466 2310 1514 2339 eo
1540 2311 1673 2338 amen-

124 2363 203 2406 tiae
231 2375 466 2420 progressos
502 2368 543 2404 ut
577 2375 647 2417 pro
676 2361 750 2403 deo
784 2361 897 2404 nobis
915 2362 1018 2405 illam
1044 2363 1255 2406 obtrudere
1278 2365 1447 2417 vellent,
1489 2379 1536 2406 ac
1556 2365 1603 2406 de
1625 2378 1671 2407 ea

124 2431 233 2475 velut
254 2438 385 2474 mente
418 2430 519 2487 capti
551 2437 589 2471 et
616 2430 752 2472 l'uriosi
780 2429 1049 2485 loquerentur.
1111 2429 1264 2474 Ferunt
1288 2433 1390 2474 enim
1423 2432 1672 2475 mulierculas

124 2499 312 2557 quaedam
345 2499 384 2542 in
406 2499 581 2550 Arabia,
624 2513 703 2555 quo
733 2511 755 2540 e
782 2497 955 2540 Thracia
988 2500 1188 2556 profectae
1219 2508 1357 2550 erant,
1401 2514 1544 2542 novum
1581 2501 1671 2543 illud

125 2568 263 2624 dogm
297 2574 538 2611 commentas
570 2567 714 2618 luisse,
762 2566 860 2608 adeo
892 2573 934 2608 ut
963 2567 1003 2608 in
1038 2567 1204 2623 virginis
1239 2582 1381 2610 nomen
1412 2575 1452 2609 et
1483 2569 1669 2611 bonorem

123 2635 375 2695 collyridem‚
417 2636 502 2678 sive
534 2642 675 2677 tortam
709 2634 821 2691 panis
853 2635 1120 2678 sacrificantes
1151 2636 1342 2687 offerant,
1390 2644 1430 2677 et
1455 2644 1672 2679 conventus

124 2703 315 2757 babeant,
347 2705 387 2747 in
410 2703 707 2754 sanctissimae,
752 2703 934 2759 inquam,
982 2702 1147 2759 virginis
1171 2719 1312 2746 nomen
1338 2705 1492 2747 modum
1517 2719 1670 2747 omnem

124 2780 442 2831 praetergressos
474 2773 663 2814 nefariam
702 2786 783 2813 rem
815 2779 854 2812 et
876 2785 963 2813 cum
986 2771 1047 2813 dei
1072 2773 1307 2814 contumelia
1334 2773 1580 2815 coniunctam
1605 2787 1673 2829 ag-

124 2841 250 2897 gredi,
282 2842 355 2884 boe
380 2849 441 2885 est
466 2841 504 2883 iu
531 2841 634 2883 illius
660 2854 802 2882 nomen
831 2853 901 2896 per
922 2840 1106 2882 mulieres
1130 2840 1319 2882 sacrilicia
1346 2842 1492 2883 lacere.
1555 2839 1670 2896 Quod

170 2975 204 3011 3.
230 2976 302 3012 ἔστι
323 2978 412 3011 codd.
437 2988 509 3013 mss.
557 2977 613 3013 ἐπὶ
639 2980 714 3011 editi
738 2980 817 3010 libri.
971 2979 1003 3011 5.
1027 2979 1168 3010 Fortasse
1194 2976 1253 3012 καὶ
1278 2974 1421 3021 ρᾄτως.

170 3020 203 3057 4.
226 3022 470 3068 &uetadun-utos
493 3026 583 3058 codd.
603 3034 675 3058 mss.
706 3028 831 3067 uterque
852 3027 879 3056 et
969 3022 1000 3058 6.
1025 3020 1244 3066 οἱειπαρὲένου
1268 3023 1402 3067 Μαρίας
1425 3025 1491 3058 cod-
1516 3025 1645 3067 media.

126 3069 174 3103 ed.
193 3071 295 3115 princ.
