2020 3276
502 212 686 247 Pfflamt
708 211 794 246 Lm.
808 212 865 246 ¹11.
891 212 1001 247 ToM.
1018 213 1044 246 1.
1066 211 1199 246 RAER.
1215 211 1375 245 Lxxnt.
1638 200 1714 241 131

271 290 482 350 *Quoniam
512 305 611 335 vero
633 291 810 334 nonnulli
839 305 979 335 vocum
1013 292 1190 344 illarum,
1235 304 1335 348 quae
1358 291 1398 333 in
1421 289 1624 346 scripturis
1648 302 1720 331 ex-

170 367 280 414 tent,
321 374 481 404 sensum
506 360 811 417 detorquentes,
855 367 972 417 atque
996 360 1111 402 aliter
1137 375 1249 416 quam
1278 374 1349 417 par
1377 359 1429 402 sit
1458 359 1720 415 interpretan-

164 430 254 483 tes,
287 442 414 485 neque
438 435 506 472 aut
524 429 735 471 verborum
757 429 1035 486 proprietatem
1055 436 1123 470 ant
1148 442 1278 470 rerum
1300 434 1477 469 naturam
1499 427 1722 483 intelligen-

169 503 232 541 tu
253 496 322 540 fltti
341 496 585 540 divinitatem
605 505 789 540 evertere
813 512 890 539 non
922 497 1121 548 dubitant,
1165 504 1205 538 et
1226 497 1273 538 ad
1296 497 1388 540 illud
1412 495 1625 539 creationis
1650 508 1719 537 vo-

1778 299 1856 343 Cap.

1741 345 1878 378 XXXI.

168 565 346 609 abuln-
366 565 586 617 offendnnt,
612 567 714 623 quod
731 565 770 607 in
787 564 1016 608 Proverbiis
1035 566 1201 621 legitur:
1230 569 1426 618 Dominus,
1446 566 1586 621 iuquit,
1611 578 1717 605 erea-
1734 570 1825 600 Prov.
1844 570 1926 609 ⁸2¹²-

160 636 224 676 dt
241 648 303 676 ne
319 637 469 676 chilim
489 637 636 675 vabrum
656 649 812 675 suarum
833 638 872 675 in
890 648 1005 688 opera
1024 637 1143 688 ipsius
1156 666 1167 685 ,
1201 648 1299 689 quos
1322 635 1476 690 quidem
1499 633 1721 690 oportebat,

167 703 356 758 *ὕσειν
367 706 503 765 potius·
514 706 690 757 :pb-ilum
700 734 713 753 ,
747 717 857 757 quam
877 706 1102 744 occidentem
1121 705 1268 743 lileram
1287 706 1416 757 sequt'3
1447 706 1605 756 spei-ilus
1622 704 1720 742 em‘m
1736 708 1763 738 2.
1775 707 1883 746 eom.
1900 710 1927 739 ο.

166 772 356 826 deffleat.-
395 784 471 827 age
503 778 543 813 et
568 785 640 813 nos
665 772 713 813 de
740 771 799 813 his
825 785 947 828 pauca
979 771 1243 827 disputemus3
1288 785 1364 813 non
1389 772 1489 827 quod
1514 785 1560 812 ea
1586 785 1651 812 res
1674 770 1723 812 ab

167 840 219 885 ii·
241 840 415 898 perfecte
437 847 603 882 tractata
626 854 705 882 non
729 839 848 882 suerit
878 840 942 896 qui
965 846 1056 882 ante
1079 854 1151 881 nos
1177 840 1377 882 dixerunt.
1440 837 1593 881 Furere
1619 840 1722 880 enim

167 907 275 954 δὴ.
308 921 476 951 neeesse
500 908 649 965 estqui
677 908 779 951 istud
811 915 981 951 asserat.
1042 906 1184 964 Neque
1214 909 1316 964 quod
1348 908 1510 950 doctore
1534 921 1631 964 opus
1656 907 1723 949 ba·

167 976 310 1020 beatis.
369 975 456 1019 Vos
491 976 594 1019 enim
630 977 704 1034 ipsi
735 977 925 1020 divinitus
959 977 1056 1020 estis
1085 977 1229 1018 edocti.
1289 974 1370 1019 Sed
1394 985 1438 1019 ut
1462 977 1509 1018 de
1533 977 1646 1018 nobis
1672 976 1725 1017 sit.

166 1044 263 1088 ittae
290 1044 332 1087 in
357 1045 601 1087 couscientia
632 1051 766 1087 vestra
796 1045 1072 1098 manifestum,
1116 1059 1260 1102 cupere
1291 1059 1365 1087 nos
1401 1045 1560 1103 spiritus
1597 1045 1723 1087 sancti

169 1113 272 1157 dona
302 1114 594 1156 communicare
624 1113 844 1156 vobiscum.

283 1178 467 1239 Inprimis
486 1181 617 1238 itaque
638 1182 781 1234 crede,
814 1181 909 1224 nihil
930 1197 1003 1224 nec
1023 1182 1062 1224 in
1083 1182 1228 1224 ceteris
1251 1183 1470 1240 scripturae
1494 1183 1612 1234 locis,
1650 1196 1723 1224 nec

169 1249 210 1293 i·
231 1262 307 1303 eo,
338 1250 388 1292 de
411 1264 489 1306 quo
511 1250 629 1292 modo
651 1250 827 1306 agimus,
860 1251 937 1293 ulla
957 1250 1031 1293 sibi
1052 1251 1223 1293 invicem
1246 1265 1337 1293 esse
1361 1252 1580 1307 scripturae
1601 1251 1722 1292 verba

169 1318 393 1371 mtraria3
425 1318 581 1360 tametsi
606 1318 654 1360 iis
679 1319 893 1371 duntaxat,
926 1319 991 1375 qui
1013 1319 1078 1361 vel
1099 1333 1195 1361 sana
1219 1319 1292 1361 fide
1318 1320 1482 1375 praediti
1510 1334 1588 1362 non
1612 1327 1719 1372 sunt,

169 1386 233 1429 vel
252 1386 523 1429 inbecillioris
548 1387 695 1442 ingenii
719 1395 832 1439 sunt,
866 1401 1089 1444 repugnare
1112 1387 1334 1430 videantur.
1395 1386 1551 1429 Deinde
1575 1388 1722 1430 nullum

165 1454 208 1498 in
230 1455 376 1498 mundo
402 1455 623 1512 exemplum
653 1456 820 1512 reperiri
846 1470 964 1512 posse
994 1457 1095 1512 quod
1119 1456 1166 1498 ad
1191 1456 1565 1513 repraesentandam
1587 1456 1724 1512 unige-

168 1521 242 1566 uiti
262 1530 441 1566 naturam
471 1537 543 1580 per
564 1537 656 1566 sese
681 1524 863 1566 sufficiat.
925 1523 1054 1580 Quam
1079 1525 1128 1566 ob
1156 1539 1333 1566 caussam
1358 1525 1554 1581 scriptura
1581 1525 1722 1567 multas

168 1591 219 1635 ed
239 1590 279 1635 id
301 1591 548 1648 excogitatas
576 1592 751 1634 rationes
772 1600 813 1634 et
842 1593 1122 1650 appellationes
1151 1594 1444 1645 accommodat3
1489 1593 1523 1635 si
1544 1607 1620 1649 quo
1645 1594 1724 1635 t'or-

166 1666 278 1704 tane
294 1660 413 1703 modo
437 1673 490 1702 ex
513 1660 596 1713 bis,
639 1674 738 1717 quae
764 1661 878 1703 nobis
904 1661 1111 1703 familiaria
1139 1669 1232 1703 sunt
1251 1669 1292 1703 et
1315 1662 1495 1717 cognita,
1536 1675 1636 1716 quae
1659 1675 1724 1702 ca-

166 1735 275 1787 ptum
294 1736 471 1772 nostrum
492 1735 680 1786 superant
695 1729 1029 1786 comprehendere
1048 1730 1259 1786 possimus,
1292 1737 1333 1772 et
1352 1744 1405 1772 ex
1425 1731 1593 1786 cognitis
1614 1732 1724 1786 igno-

167 1803 294 1841 mn
315 1811 447 1840 rerum
471 1796 685 1840 informare
705 1798 907 1850 notitiam,
939 1812 961 1840 a
989 1799 1207 1855 perspicuis
1228 1799 1305 1840 illis
1327 1798 1563 1854 pedetentim
1593 1801 1639 1841 ad
1661 1814 1724 1841 ar·

170 1877 269 1910 eene
291 1866 521 1922 occultaque
545 1866 736 1923 perducti.
798 1864 915 1922 Quod
938 1867 1059 1923 igitur
1090 1881 1161 1910 eos
1190 1867 1253 1923 qui
1285 1868 1325 1910 in
1353 1865 1555 1910 Christum
1586 1869 1723 1909 crede-

169 1941 261 1978 mt
280 1934 445 1977 credere
469 1934 677 1991 oportebat
699 1935 865 1977 similem
895 1949 986 1978 csse
1009 1936 1129 1992 patris
1155 1936 1297 1988 filium,
1339 1943 1473 1992 utpote
1506 1951 1593 1978 cum
1619 1936 1723 1979 illius

169 2002 237 2061 qui
262 2015 381 2060 supra
402 2002 533 2044 omnia
554 2010 617 2045 est
638 2004 767 2059 imago
791 2004 843 2046 sit
864 2004 930 2046 ille
951 2004 1015 2060 qui
1040 2004 1219 2061 pervadit
1237 2004 1392 2057 omnia,
1435 2011 1476 2046 et
1499 2019 1614 2061 quem
1636 2019 1726 2062 pro-

171 2072 288 2115 ducta
309 2078 402 2113 suut
421 2073 576 2124 omnia,
620 2078 696 2113 tam
719 2072 759 2114 in
786 2072 898 2115 coelo
929 2087 1043 2128 quam
1068 2073 1107 2114 in
1131 2079 1260 2125 terra,
1306 2072 1437 2129 imago
1470 2087 1588 2129 porro
1620 2074 1725 2115 eius·

171 2139 276 2183 nodi
300 2152 380 2182 non
401 2139 527 2196 qualis
548 2146 611 2182 est
628 2140 788 2182 animati
810 2140 932 2197 figura
947 2172 958 2192 ,
992 2141 1028 2182 id
1053 2141 1154 2197 quod
1180 2140 1335 2183 animae
1361 2148 1423 2183 est
1443 2155 1614 2198 expers,
1657 2156 1725 2183 ne-

170 2220 248 2266 que
270 2207 381 2251 velut
401 2208 499 2250 artis
520 2207 702 2260 effectio,
744 2215 811 2250 aut
829 2209 1047 2251 effectionis
1071 2223 1192 2266 opus,
1237 2210 1306 2251 sed
1331 2217 1511 2266 tanquam
1534 2210 1726 2266 genitoris

170 2276 213 2319 id
233 2276 335 2333 quod
354 2275 528 2333 genitum
555 2282 639 2326 est,
681 2289 848 2333 cumque
879 2284 1085 2333 praeterea
1106 2279 1218 2319 net'as
1243 2278 1295 2319 sit
1315 2279 1362 2319 ad
1391 2278 1581 2333 unigeniti
1604 2292 1725 2333 gene-

172 2344 388 2397 rationem,
428 2357 530 2400 quae
555 2344 726 2385 saeculis
757 2345 937 2387 omnibus
959 2346 1068 2402 prior
1096 2353 1182 2397 est,
1227 2359 1443 2402 corporeae
1469 2353 1506 2387 et
1533 2346 1724 2387 humanae

173 2412 441 2470 generationis
478 2411 657 2469 proprias
690 2419 803 2454 notas
838 2413 1160 2470 conditionesque
1193 2416 1431 2466 transferre,
1478 2428 1524 2454 ac
1558 2414 1725 2469 denique

173 2493 263 2524 οι·
283 2480 333 2523 ad
354 2481 571 2538 sapientiae
589 2480 692 2523 illius
714 2481 961 2537 exemplum,
1006 2495 1107 2537 quae
1129 2482 1317 2524 humanas
1340 2482 1598 2537 cogitationes
1619 2497 1726 2523 com-

173 2547 380 2606 plectitur,
411 2549 466 2590 ita
492 2548 559 2591 mii
580 2550 634 2591 sit
657 2549 852 2605 exigenda
874 2550 1079 2604 generatio
1109 2558 1151 2591 ut
1175 2564 1245 2607 per
1262 2564 1351 2591 sese
1376 2550 1564 2591 subsistat
1586 2550 1726 2591 nibilo-

174 2615 304 2660 minus
325 2624 368 2660 et
388 2617 559 2659 existatz
591 2618 681 2660 ideo
703 2617 890 2659 ambabus
908 2617 985 2659 illis
1007 2617 1266 2670 dictionibus,
1299 2617 1513 2659 creationis
1535 2631 1581 2659 ae
1606 2631 1726 2673 gene-

175 2684 365 2738 ratio-ie,
408 2685 464 2728 uti
491 2685 685 2743 scriptura
713 2685 858 2736 voluit,
903 2699 990 2727 cum
1015 2688 1167 2727 Cream't
1187 2686 1347 2742 perinde
1369 2686 1468 2727 dixit
1491 2700 1539 2727 ac
1564 2689 1722 2738 Genua,-

176 2766 255 2796 nou
274 2760 318 2796 ut
336 2754 472 2796 eadem
492 2754 539 2795 de
560 2767 603 2796 re
623 2754 737 2796 simul
760 2752 956 2796 contraria
978 2753 1051 2794 dici
1073 2754 1295 2806 videantur,
1328 2754 1396 2794 sed
1419 2760 1459 2794 ut
1477 2767 1547 2810 per
1564 2757 1731 2796 Creandt

178 2820 408 2864 vocabalum
432 2821 710 2864 subsistentem
732 2836 777 2863 ac
800 2821 977 2863 stabilem
1003 2821 1158 2863 unicum
1184 2835 1274 2863 csse
1303 2821 1364 2862 dei
1393 2822 1533 2874 filium,
1580 2836 1650 2879 per
1672 2823 1727 2866 al-

177 2893 303 2933 terum
334 2902 457 2942 vero,
501 2892 659 2940 Gemuit,
701 2890 888 2932 eximium
920 2902 967 2930 ac
1001 2889 1197 2945 peculiare
1231 2888 1408 2945 quiddam
1444 2890 1589 2934 babere
1619 2906 1727 2934 mon·

178 2962 318 3000 num.
386 2960 494 3012 Ego,
534 2958 682 3015 inquit,
721 2961 827 3000 esim·
852 2972 876 2998 a
904 2964 1016 3010 patre
1045 2965 1084 2998 et
1112 2959 1218 2998 vado.
1292 2955 1536 3015 Quamquam
1568 2960 1632 3002 vel
1665 2974 1727 3002 sa-

178 3048 353 3090 mactus
382 3058 453 3082 eum
480 3049 545 3092 τῆς
579 3047 718 3092 σοφίαςς
757 3050 926 3082 subiectum
949 3052 992 3080 nt
1014 3046 1215 3092 μονογενής,
1250 3050 1288 3082 dc
1311 3052 1519 3084 enuntiatione
1548 3054 1706 3092 proxima.

1371 3109 1437 3149 9*

1763 2967 1774 2995 1
1779 2977 1867 2996 nnnnn

1766 3004 1807 3038 tu,
1825 3005 1868 3031 215.
